2959 4400
267 452 309 513 40
690 466 842 511 munuum
1031 456 1103 523 [Aer
1118 457 1173 520 111,
1189 457 1234 510 Sc.
1249 461 1267 510 2

267 642 353 725 [PH.
378 641 444 703 Nee
473 639 676 717 Stilphonem
704 640 810 718 ipsum
838 642 918 703 scire
945 641 1001 722 qui
1028 641 1145 704 luerit?
1197 641 1263 704 GH.

351 740 483 823 Negat]

268 842 341 904 PH.
365 840 450 917 Quia
471 842 567 918 egens
590 838 733 901 relictast
757 840 883 916 misera,
906 842 1075 920 ignoratur
1095 859 1222 919 parens,

268 940 454 1020 Neclegitur
476 940 556 1018 ipsa.
602 939 677 1001 uide
701 939 840 1002 auaritia
863 940 942 1021 quid
966 941 1055 1003 facit.

266 1041 333 1104 GH.
357 1040 390 1103 Si
413 1059 504 1102 erum
525 1038 729 1100 insimulabis
752 1039 906 1115 malitiae,
931 1040 1015 1102 male
1037 1040 1158 1102 audies.
1217 1057 1265 1099 333

267 1141 337 1203 DE.
363 1141 390 1203 O
409 1139 594 1202 audaciam!
613 1139 713 1200 etiam
733 1159 785 1201 me
804 1140 889 1201 ultro
909 1146 1098 1202 accusatum
1118 1141 1263 1203 aduenit.

267 1241 340 1304 PH.
365 1240 450 1302 Nam
469 1239 535 1301 iam
555 1237 754 1301 adulescenti
774 1239 852 1301 nihil
871 1246 921 1302 est
940 1239 1028 1321 quod
1047 1242 1263 1317 suscenseam,

267 1341 300 1405 Si
325 1340 415 1402 illum
431 1339 547 1421 minus
571 1344 680 1401 norat:
695 1327 826 1420 'quippe
849 1340 947 1401 homo
971 1340 1036 1401 iam
1060 1339 1222 1420 grandior,

268 1441 405 1519 Pauper,
430 1439 507 1521 quoi
530 1439 564 1500 in
587 1458 683 1517 opere
705 1441 776 1502 uita
798 1446 879 1515 erat,
903 1441 969 1502 ruri
991 1440 1057 1502 fere

268 1542 309 1604 Se
328 1539 531 1615 odntinebat;
549 1539 595 1601 lbi
613 1559 726 1619 agrum
745 1540 786 1602 de
803 1542 914 1602 nostro
932 1546 1026 1619 patre

267 1640 446 1704 Colendum
467 1639 620 1702 habebat.
660 1642 757 1718 saepe
776 1640 900 1703 interea
920 1639 998 1702 mihi
1018 1660 1116 1703 senex
1218 1656 1265 1699 333

268 1739 432 1803 Narrabat
456 1759 490 1801 se
515 1739 600 1801 huno
625 1739 789 1818 neclegere
813 1742 988 1819 cognatum
1012 1759 1119 1816 suom;

269 1841 312 1903 At
329 1842 427 1922 quem
444 1840 564 1901 uirum!
598 1859 695 1920 quem
712 1860 771 1919 ego
787 1839 925 1901 uiderim
942 1840 976 1902 in
992 1840 1062 1901 uita
1079 1842 1263 1919 optumum.

266 1939 333 2003 GH.
369 1939 488 2002 Videas
526 1946 570 2014 te,
611 1946 711 2019 atque
738 1939 829 2001 illum
882 1943 1005 2001 ntrras!
1059 1939 1131 2002 PH.
1173 1940 1189 1999 I
1230 1939 1264 2001 in

351 2039 470 2102 malam
492 2042 632 2101 crucem!

267 2139 352 2204 Nam
369 2140 402 2202 ni
419 2142 493 2203 tum
510 2159 577 2202 esse
589 2140 852 2220 existumdssem
870 2159 1050 2222 numquam
1071 2141 1140 2202 tam
1158 2138 1265 2218 grauis

267 2241 318 2304 Ob
335 2241 418 2304 hano
435 2240 621 2302 inimicitias
638 2243 786 2319 caperem
803 2242 837 2303 in
852 2247 998 2303 uostram
1015 2239 1182 2315 familiam,
1216 2255 1263 2297 ³70

266 2341 372 2418 Quam
393 2341 420 2402 is
440 2342 633 2418 aspernatur
653 2341 739 2401 nuno
760 2346 830 2402 tam
850 2340 1068 2402 inliberaliter.

298 2608 360 2660 358.
392 2606 476 2662 lacit:
508 2606 556 2659 the
588 2606 739 2659 indicative
788 2609 816 2659 in
842 2608 996 2659 restrictiva
1023 2606 1137 2659 relative
1164 2606 1264 2661 clause.

263 2693 287 2745 is
307 2690 466 2758 frequently
484 2689 553 2742 used
572 2690 601 2742 in
621 2689 739 2742 indireot
822 2691 884 2743 368.
905 2689 1007 2742 uideas
1028 2693 1059 2742 te
1080 2694 1169 2754 atque
1183 2688 1265 2741 illum

263 2775 406 2842 questions
419 2774 447 2825 in
460 2772 538 2839 early
550 2773 643 2827 Latin.
786 2787 896 2836 narras.
924 2773 1007 2825 “look
1030 2779 1062 2825 at
1086 2772 1209 2839 yourself
1232 2789 1264 2824 as

297 2858 359 2910 ³5⁹.
378 2855 454 2909 male
474 2854 589 2913 audies:
608 2873 653 2908 see
672 2862 739 2909 note
787 2873 844 2923 you
862 2856 985 2910 describe
1004 2856 1090 2920 him,”
1108 2856 1127 2908 i.
1145 2872 1179 2919 e.‚
1198 2871 1263 2907 oon·

263 2956 299 2993 on
318 2942 362 2993 20.
787 2945 860 2993 trast
876 2956 949 3007 your
966 2957 1028 2991 own
1047 2937 1166 3004 rasoally
1184 2937 1263 2990 ohar-

297 3024 359 3077 330.
386 3021 462 3076 ultro
488 3022 624 3076 indicates
650 3039 739 3075 some·
774 3030 864 3099 *aeter
887 3023 955 3076 with
979 3023 1027 3075 the
1052 3022 1106 3074 fine
1131 3020 1263 3089 qualities

262 3106 342 3173 thing
349 3107 449 3174 beyond
460 3104 535 3159 what
547 3106 638 3158 would
650 3105 739 3158 beex-
785 3123 842 3173 you
866 3105 938 3160 have
962 3105 1115 3170 described;
1140 3109 1261 3169 atque:

261 3190 369 3257 pected.
395 3189 550 3253 Translate,
567 3189 737 3256 “actually'’
785 3188 1264 3254 ut,“as.'’-1inmalameruoem:

295 3274 356 3326 331.
377 3271 456 3338 quod
475 3283 676 3331 suscenseam:
702 3272 737 3325 ol.
786 3273 830 3325 lor
840 3275 944 3326 serious
956 3272 1075 3325 offenoes
1087 3272 1178 3324 slaves
1191 3287 1263 3324 were

262 3359 315 3408 259
326 3356 382 3408 and
393 3359 455 3410 263.
786 3357 925 3421 orucified‚
949 3356 1034 3409 henoe
1057 3356 1114 3409 this
1137 3354 1210 3407 form
1232 3352 1264 3406 ol

294 3438 455 3502 3323113331,
466 3438 737 3492 Phanium'siather.
786 3441 980 3507 imprecation.

259 3521 438 3587 —grandion
494 3522 657 3576 “advanoed
709 3524 737 3576 in
821 3524 883 3576 370.
896 3523 932 3576 ob
942 3523 1026 3586 hane,
1039 3523 1057 3577 i.
1068 3540 1103 3587 3.,
1116 3520 1263 3574 Phanium.

259 3607 369 3673 years.”
786 3619 983 3670 —numquam
1033 3618 1175 3671 emerem,
1228 3601 1265 3655 “I

293 3690 355 3743 337.
368 3689 501 3752 uiderim,
558 3689 736 3755 subjunctive
786 3689 887 3742 should
907 3707 993 3743 never
1013 3689 1085 3742 have
1105 3685 1263 3742 inourmd.”
