2959 4400
279 472 320 533 96
693 484 851 561 *ossuum
1066 474 1136 539 [Aer
1150 472 1183 540 V,
1199 475 1277 527 Sca

280 662 344 723 Eas
364 659 440 722 dedi
458 666 517 721 tuo
538 660 651 739 gmtto;
671 658 698 719 is
718 677 777 737 pro
797 677 856 721 sua
876 659 981 720 amica
1001 642 1110 719 lenoni
1130 657 1231 719 dedit.

279 759 350 822 CH.
374 761 469 836 Hem,
491 759 569 840 quid
590 762 656 821 ais?
695 758 771 821 NA.
793 758 925 821 Adeone
944 758 1113 837 indignum
1133 758 1193 820 hoc
1213 756 1275 819 tibi

362 859 501 936 uidetur,
523 858 609 920 filius
938 860 942 868 '
1214 873 1275 914 rom

280 961 388 1022 Homo
412 960 599 1022 adulescens
622 961 649 1020 sl
673 957 773 1021 habet
796 978 896 1021 unam
921 961 1071 1034 amicam,
1095 965 1133 1021 tu
1157 960 1276 1020 uxores

362 1059 463 1122 duas?
802 1113 804 1116 .

281 1160 333 1222 Nil
359 1160 499 1238 pudere?
540 1179 605 1240 quo
644 1161 699 1222 dre
737 1159 828 1221 illum
867 1159 1071 1239 obiurgtbis?
1117 1157 1275 1237 responde

363 1260 448 1321 mihi.

280 1360 350 1421 DE.
374 1360 485 1422 Faciet
504 1366 542 1422 ut
561 1359 659 1421 uoles.
701 1359 777 1422 NA.
799 1360 906 1422 Immo
924 1365 963 1422 ut
982 1379 1088 1422 meam
1107 1359 1173 1421 iarn
1193 1358 1275 1420 scias

363 1460 569 1536 sententiam,

281 1560 394 1641 Neque
418 1580 477 1639 ego
502 1560 631 1639 ignosco
656 1562 762 1641 neque
786 1560 944 1640 promitto
969 1562 1145 1641 quicquam
1170 1577 1275 1640 neque

363 1661 540 1740 respondeo

281 1761 374 1823 Prius
407 1780 506 1841 quam
539 1767 676 1840 gnatum
709 1761 835 1837 uidero;
867 1760 937 1823 eius
968 1759 1087 1822 iudicio
1119 1759 1276 1839 permitto

363 1861 485 1923 omnia:
1216 1874 1276 1916 ross

280 1960 375 2036 Quod
409 1961 436 2021 is
469 1960 595 2024 iubebit
628 1960 757 2023 faciam.
814 1960 887 2023 PH.
923 1960 1037 2023 Mulier
1069 1959 1198 2039 stpiens
1231 1977 1274 2035 es,

365 2060 582 2123 Nausistrata.
657 2079 659 2083 ’

281 2160 356 2223 NA.
383 2162 425 2236 (lo
439 2161 608 2241 Demipho)
626 2161 718 2226 satin
732 2160 845 2224 tibist?
880 2161 950 2224 DE.
975 2162 1038 2225 Ita.
1071 2159 1141 2224 CH.
1161 2160 1273 2237 (aride)

366 2245 471 2323 lmmo
491 2281 569 2325 uero
589 2262 722 2341 pulchre
743 2262 873 2324 discedo
894 2265 927 2324 et
947 2262 1048 2341 probe

282 2346 325 2423 m
342 2368 471 2441 praeter
487 2381 587 2441 spem.
627 2362 702 2424 NA.
720 2362 771 2424 To
786 2368 880 2423 tuom
896 2381 1015 2424 nomen
1032 2362 1083 2424 dio
1101 2361 1181 2423 mihi
1197 2359 1276 2441 quid

354 2463 417 2524 sit.
460 2461 532 2524 PH.
557 2461 723 2525 Phormio:

281 2563 419 2624 Vostrae
440 2562 582 2625 familiae
602 2561 707 2624 hercle
729 2562 852 2624 amicus
872 2565 906 2625 et
926 2568 986 2624 tuo
1006 2580 1154 2623 summus
1175 2561 1278 2622 Phae

364 2663 463 2725 driae.

282 2762 356 2825 NA.
382 2763 544 2840 Phormio
560 2769 595 2826 at
609 2782 668 2843 ego
682 2765 809 2826 ecastor
819 2763 956 2842 posthac
967 2761 1039 2840 tibi,
1051 2762 1140 2844 quod
1151 2767 1276 2841 potero,

365 2863 453 2944 quod
472 2863 562 2926 uoles
1216 2876 1278 2918 roso

282 2962 479 3045 Faciamque
501 2970 535 3026 et
558 2963 674 3026 dicam.
720 2962 793 3025 PH.
818 2962 962 3042 Benigne
984 2961 1073 3026 dicis
1118 2960 1194 3025 NA.
1219 2959 1277 3022 Pol

365 3065 550 3128 meritumst
570 3070 673 3126 tuom.

280 3163 354 3248 PH.
378 3165 441 3228 Vin
470 3165 612 3244 primum
641 3163 737 3225 hodie
766 3163 871 3226 facere
900 3162 988 3244 quod
1017 3181 1076 3242 ego
1105 3160 1275 3242 gaudeam,

366 3263 582 3340 Nausistrata,

317 3551 396 3603 1048.
424 3554 540 3614 praetor
567 3563 658 3614 spem,
689 3551 758 3603 “be-
804 3568 841 3604 an
856 3549 925 3603 oath
939 3549 1067 3603 confined
1081 3556 1111 3602 to
1126 3564 1279 3602 women.-

283 3633 359 3699 yond
377 3650 426 3700 my
442 3635 650 3700 expectation.’'
805 3633 884 3699 quod
893 3637 1004 3698 potero,
1019 3634 1072 3686 “so
1084 3634 1128 3686 far
1139 3649 1170 3684 as
1183 3631 1197 3684 I
1209 3630 1277 3684 shall

317 3717 398 3769 1050.
415 3721 537 3779 ecastor,
556 3717 617 3784 “by
631 3717 758 3781 Castor‚''
806 3718 840 3770 be
852 3717 943 3771 able.”
