2959 4400
252 444 292 507 66
674 460 823 505 ananan
1020 450 1090 517 [Aer
1105 450 1154 515 1v,
1169 452 1214 507 sc.
1230 456 1246 505 4

252 634 337 695 Huic
380 634 523 711 mindae,
566 634 622 714 qui
663 640 696 695 te
737 634 779 695 ad
820 634 989 713 scdpulum
1022 654 1040 696 e
1070 637 1247 717 tranquillo

335 735 470 797 adferat.
1317 725 1320 730 ¹

251 834 336 912 Quid
353 837 460 896 minus
475 835 589 898 utibile
605 835 667 897 fuit
683 854 783 914 quam
798 836 859 897 hoc
874 835 966 897 ulcus
981 838 1114 914 tangere
1199 852 1246 895 eso

251 934 318 997 Aut
338 935 505 997 ndminare
524 937 678 997 uxdreml
715 935 866 998 iniectast
885 938 958 1015 spes
978 938 1065 1015 patri

251 1035 349 1096 Posse
369 1035 457 1097 illam
477 1035 616 1097 extrudi.
657 1035 736 1097 cedo
756 1055 841 1096 nunc
861 1055 970 1115 porro:
1009 1036 1162 1099 Phdrmio

252 1136 371 1198 Dotem
391 1135 418 1196 si
438 1135 593 1215 accipiet.
606 1138 688 1197 uxor
707 1135 887 1199 ducendast
907 1137 1055 1199 domum:

251 1235 336 1311 Quid
355 1236 433 1299 fiet?
466 1236 532 1298 GE.
553 1236 626 1298 Non
643 1236 730 1297 enim
748 1236 845 1298 ducet
890 1237 966 1298 AN.
987 1236 1081 1298 Noui.
1101 1239 1245 1299 ceterum

250 1335 357 1412 Quom
378 1338 548 1415 argentum
568 1342 726 1415 repetent,
748 1334 860 1398 ndstra
880 1356 978 1399 causa
996 1337 1117 1399 scilicet
1199 1353 1245 1394 aas

251 1436 290 1497 In
310 1438 445 1497 neruom
465 1436 574 1515 potius
593 1436 664 1498 lua.
709 1436 775 1498 ca.
801 1436 932 1514 uuest,
954 1419 1110 1516 Antipho,

251 1536 336 1613 Quin
357 1537 440 1598 male
460 1535 622 1598 narrando
641 1537 744 1615 pdssit
764 1536 979 1617 deprautrier.

250 1637 299 1697 Tu
318 1636 353 1698 id
373 1636 461 1717 qudd
481 1636 590 1699 bonist
609 1637 763 1715 excerpis,
785 1637 865 1699 dicis
884 1637 972 1717 qudd
993 1637 1111 1699 malist.

251 1736 337 1798 Audi
356 1756 442 1798 nunc
463 1742 589 1800 contra:
628 1736 739 1799 iamsi
760 1743 931 1816 argentum
941 1737 1121 1816 acceperit,

251 1837 440 1899 Ducendast
460 1855 552 1914 uxor,
573 1839 611 1899 ut
631 1842 679 1898 ais
702 1832 857 1912 (concede
876 1837 966 1914 tibi):
1201 1853 1246 1895 τοο

251 1937 401 2015 Spatium
421 1937 707 2018 quidemtandem
728 1937 908 2017 adparandi
927 1937 1070 2017 nuptias,

249 2037 406 2113 Vocandi,
427 2038 640 2099 sacruficindi
660 2038 794 2099 dabitur
813 2038 992 2117 paululum.

251 2137 381 2200 interea
401 2137 496 2200 amici
516 2138 604 2219 qudd
624 2137 759 2217 polliciti
778 2139 856 2201 saint
875 2138 1017 2202 dabunt:

251 2238 332 2300 Inde
347 2241 409 2300 iste
424 2239 547 2301 reddet.
579 2237 654 2302 AN.
673 2240 780 2316 Quam
796 2239 838 2301 (ab
854 2242 941 2301 rem?
971 2246 1029 2302 aut
1045 2239 1125 2320 quid
1141 2240 1247 2302 dicet?

333 2338 398 2401 Ga.
423 2339 550 2417 Rogas?
688 2338 691 2342 ’
721 2347 722 2350 ’

250 2438 361 2516 ‘Quod
381 2441 431 2501 res
451 2439 581 2518 postilla
600 2441 748 2502 menstra
766 2442 945 2502 euenenint
966 2440 1058 2501 mihi!
1201 2456 1247 2498 705

251 2539 400 2601 Introiit
421 2539 454 2601 in
475 2540 562 2602 aedis
583 2542 653 2602 iter
672 2540 796 2602 alienus
816 2530 918 2616 canis;

251 2640 373 2718 Anguis
393 2659 450 2718 per
469 2639 651 2718 inpluuium
672 2640 793 2704 decidit
813 2641 853 2703 de
872 2640 1003 2718 tegulis3
1040 2715 1043 2720 .

250 2738 378 2802 Gallina
398 2739 527 2816 cecinit;
549 2739 718 2803 interdixit
739 2740 894 2817 hariolus;

285 3025 348 3077 692.
368 3037 461 3088 pono,
479 3023 569 3077 “with
583 3025 679 3092 regard
695 3032 725 3078 to
806 3027 868 3079 ⁷04.
889 3025 966 3090 inde,
983 3025 1055 3077 “out
1070 3025 1099 3076 oi
1118 3025 1247 3078 that.’'—

251 3106 298 3160 the
318 3108 440 3160 future.''
771 3109 837 3173 istc,
860 3107 1146 3172 melmin—reddet,
1169 3108 1245 3160 “will

285 3191 348 3244 695.
365 3189 481 3254 scilicet,
498 3191 619 3246 ironieal.
773 3194 1011 3260 iepay.'’-qnam
1033 3191 1070 3245 ob
1091 3205 1162 3256 rem,
1188 3192 1246 3243 “on

285 3274 346 3327 701.
365 3275 500 3338 spanum,
517 3292 555 3328 sc.
573 3277 705 3342 temporis.
772 3275 847 3329 what
859 3275 995 3342 ground.'’

285 3359 347 3410 702.
367 3358 498 3422 uocandi,
532 3359 583 3410 “ol
605 3359 724 3425 inviting
806 3359 867 3412 705.
887 3357 1078 3426 quod=qaot

254 3440 311 3506 (the
327 3440 659 3506 guesta).’'—pnululum,
676 3441 724 3494 ad·
806 3444 867 3496 706.
887 3441 1006 3505 alienus.
1029 3443 1191 3508 “strange’'

250 3524 360 3590 jective.
806 3528 866 3580 707.
881 3525 1050 3591 inplunium,
1062 3524 1125 3578 here
1145 3551 1165 3565 =
1178 3542 1246 3577 ccm-

284 3609 345 3660 703.
368 3608 459 3670 amici,
481 3609 535 3672 ie,
566 3608 724 3662 Phaedria’s
771 3611 905 3676 pluuium,
931 3610 978 3662 the
1002 3611 1122 3676 opening
1144 3610 1173 3661 in
1198 3607 1245 3660 the

250 3691 361 3744 in'ends.
772 3695 832 3745 roni
850 3695 880 3746 oi
898 3711 915 3746 a
936 3693 1030 3747 house.
