2959 4400
260 459 299 517 54
681 474 830 517 raassrr
1021 464 1091 529 [Aer
1106 464 1160 529 III,
1176 466 1254 518 sec

260 647 344 709 Nam
370 648 421 709 hic
447 667 498 709 me
523 648 618 709 huius
643 642 731 709 medi
756 648 861 709 scibat
885 668 963 724 esse,
990 668 1049 727 ego
1074 649 1160 711 hrinc
1185 670 1254 712 esse

342 747 435 809 aliter
455 747 588 823 credidi;

259 830 326 909 lste
344 867 396 909 me
414 847 527 909 fefellit
532 868 540 923 ;
558 867 617 925 ego
635 848 689 909 isti
707 848 807 909 nihilo
824 868 897 909 sum
916 848 1009 910 aliter
1027 852 1063 911 ac
1082 849 1138 911 iui.
1205 866 1253 909 sao

257 947 320 1010 sed
339 954 376 1010 ut
394 954 432 1008 ut
450 948 529 1009 haec
553 954 639 1023 suat,
665 950 777 1010 tamen
801 948 862 1009 hoc
886 948 1017 1010 faciam:
1065 952 1134 1011 cris
1159 970 1254 1013 mane

342 1050 512 1127 argentum
533 1048 611 1109 mihi

259 1147 349 1209 Miles
363 1148 440 1209 dare
455 1168 488 1209 se
503 1148 587 1209 dixit
593 1168 600 1224 ;
616 1149 642 1209 si
657 1148 736 1210 mihi
751 1151 838 1227 prior
852 1155 889 1210 tu
906 1149 1063 1225 attuleris,
1081 1150 1251 1228 Phaedria,

258 1248 331 1310 Mea
352 1248 420 1327 lege
441 1254 525 1323 utar,
549 1250 586 1310 rit
608 1248 715 1327 potior
735 1249 788 1324 sit,
812 1251 868 1328 qui
889 1248 977 1327 prior
998 1250 1039 1311 ad
1061 1250 1250 1313 dandirmst.

340 1348 422 1410 uale.
466 1348 562 1425 (Exit,
584 1350 630 1423 a.)

678 1500 791 1563 Sosus
813 1502 833 1562 6

312 1634 447 1687 Phaedria
466 1633 576 1687 bewails
595 1633 643 1686 the
663 1633 794 1686 hardness
813 1633 842 1685 ol
861 1634 903 1686 his
921 1634 970 1698 lot,
990 1635 1046 1687 and
1065 1637 1146 1699 Geta,
1166 1636 1252 1701 urged

257 1717 296 1784 by
314 1717 446 1785 Antipho,
466 1724 539 1771 casts
557 1718 644 1771 about
664 1716 706 1769 lor
723 1735 799 1784 ways
817 1717 873 1769 and
892 1735 987 1771 means
1006 1718 1035 1769 ol
1053 1718 1165 1785 helping
1184 1720 1250 1773 him.

259 1801 400 1867 Presently
419 1803 490 1855 Geta
508 1818 665 1855 announces
684 1801 747 1853 that
766 1800 800 1852 he
818 1818 875 1852 sees
893 1819 910 1854 a
928 1800 1048 1854 solution
1067 1802 1097 1853 oi
1114 1802 1162 1854 the
1181 1802 1252 1854 diffi-

260 1884 344 1951 culty,
363 1885 497 1951 provided
513 1884 549 1936 'he
568 1901 619 1937 can
638 1899 730 1936 secure
750 1883 797 1936 the
816 1886 964 1937 assistance
983 1884 1012 1936 ol
1031 1884 1169 1939 Phormio.
1207 1886 1251 1938 Hc

257 1968 313 2021 and
330 1967 464 2021 Phaedria
480 1969 546 2021 then
562 1984 597 2033 go
612 1968 644 2020 in·
656 1966 752 2019 search
767 1967 796 2019 ol
811 1967 858 2020 the
873 1969 1003 2034 parasite.

424 2103 596 2147 PHAEDRIA
723 2103 873 2147 ΑΝΤΙΡΗΟ
998 2104 1085 2147 GETA

257 2204 329 2265 PH.
355 2205 441 2280 Quid
465 2203 602 2265 faciam?
647 2203 734 2264 unde
757 2223 816 2282 ego
840 2205 926 2264 nrinc
950 2209 1019 2265 tam
1043 2204 1153 2266 subito
1176 2205 1251 2266 huic

341 2305 510 2382 argentum
530 2303 693 2365 inueniam
715 2304 820 2378 miser,

257 2404 340 2480 Quoi
367 2404 473 2465 minus
499 2402 650 2465 nihilost?
700 2404 797 2483 quod,
826 2403 876 2464 hic
902 2404 928 2464 si
954 2409 1031 2482 pote
1056 2404 1170 2466 fuisset
1195 2425 1251 2466 ex·

340 2503 458 2565 orarier
1204 2521 1251 2562 535

256 2604 410 2666 Triduom
439 2604 510 2680 hoc,
539 2605 733 2683 promissum
762 2604 878 2665 fuerat.
935 2603 1010 2665 AN.
1042 2587 1136 2666 itane
1163 2605 1250 2666 hunc

339 2704 511 2783 patiemur,
533 2704 626 2779 Geta,

257 2805 340 2866 Fieri
373 2804 535 2880 miserum,
570 2805 625 2883 qui
658 2823 709 2866 me
743 2804 878 2880 dudum,
911 2809 950 2866 ut
983 2804 1076 2880 dlxti,
1111 2805 1250 2867 adiuerit

339 2905 492 2966 comiter?

256 3005 351 3080 Quin,
376 3023 475 3084 quom
498 3009 605 3082 opust,
630 3004 824 3066 beneficium
847 3023 974 3066 rursum
996 3009 1026 3066 ei
1049 3004 1251 3083 experiemur

339 3103 489 3166 reddere?

290 3288 351 3340 529.
383 3286 634 3339 scibat=classical
664 3288 728 3340 act'c-
775 3306 819 3340 see
837 3294 902 3341 note
920 3305 956 3340 on
975 3288 1248 3341 379.—exorurier=

256 3369 306 3422 bot.
776 3374 903 3424 exorari:
1097 3431 1101 3436 ,

290 3454 351 3505 531.
368 3457 403 3506 ut
413 3457 455 3514 ut,
471 3471 515 3506 see
530 3460 595 3506 note
614 3470 650 3505 on
667 3457 726 3508 468.
802 3457 871 3508 ’537.
890 3455 1009 3518 dudum,
1030 3456 1064 3508 “a
1081 3454 1153 3508 little
1171 3455 1251 3508 while

290 3537 351 3588 5³3.
364 3535 466 3600 potior,
483 3537 668 3602 “preferred''
776 3538 1045 3604 ago.”—adiuerit,
1072 3539 1251 3604 subjunctive

290 3620 351 3671 5³5.
375 3623 453 3684 pote,
480 3619 543 3673 here
568 3622 727 3686 mascuhne,
777 3624 804 3674 in
829 3622 1004 3675 adversative
1020 3623 1068 3688 qai
1084 3622 1184 3676 clause.

811 3707 872 3758 538.
886 3705 964 3771 quin,
981 3705 1062 3772 “why
1074 3707 1154 3759 not.”
