2959 4400
268 455 308 514 82
603 514 606 520 ,
691 471 840 515 unnuu‘n
1052 460 1122 525 [Aer
1137 458 1169 524 V,
1183 460 1261 513 Suo

268 644 332 705 GE.
360 646 552 724 (to'ht'msels)
572 626 622 706 Ad
639 644 786 706 lenonem
802 645 876 706 hino
891 646 937 706 ire
951 664 1083 723 pergam
1089 666 1097 720 ;
1113 645 1158 705 ibi
1174 647 1259 706 mino

350 750 436 806 sunt.
457 745 585 822 (Beyius
600 754 629 806 to
643 746 717 820 run)
745 745 820 806 AN.
838 745 938 819 Heus,
955 745 1051 807 Geta!
1075 745 1140 806 Gli.
1161 746 1260 821 (with-

350 852 402 906 out
422 846 569 923 suppingi
589 866 623 906 or
642 845 767 922 looloiny
786 845 873 919 buck)
898 830 960 905 Em
981 846 1050 906 tibi.
1190 839 1193 845 ’

269 944 355 1006 Num
389 946 505 1005 mirum
538 950 595 1005 aut
628 947 780 1031 nouomst
812 945 966 1020 reuocari,
1000 947 1128 1007 cursum
1161 966 1260 1026 quom

351 1045 525 1106 institeris?
568 1046 633 1107 AN
637 1093 642 1105 .
667 1045 764 1107 Geta!

268 1146 333 1207 Gli.
358 1146 466 1223 Porgit
486 1146 599 1206 hercle.
639 1147 820 1225 numquam
839 1151 877 1206 tu
897 1145 971 1207 odio
993 1147 1049 1208 tuo
1069 1165 1120 1207 me
1139 1147 1259 1208 uinces.

349 1244 424 1307 AN.
450 1246 523 1307 Non
544 1249 674 1307 manes?

267 1346 332 1407 GE.
356 1345 496 1425 thula!
529 1346 604 1407 AN.
621 1346 659 1407 Id
673 1346 804 1426 quidem
818 1346 880 1407 tibi
892 1345 957 1406 iam
971 1346 1037 1422 fiet,
1052 1347 1114 1407 nisi
1127 1348 1259 1422 resistiS,

350 1446 493 1507 uorbero.
1215 1463 1261 1505 850

267 1546 332 1607 GE.
358 1545 610 1609 Familiariorem
647 1552 777 1625 oportet
814 1549 881 1608 osse
918 1545 1017 1613 hune:
1090 1547 1262 1609 minitatur

351 1646 482 1707 malum.
506 1647 627 1722 (Turno
642 1647 777 1721 around)

176 1827 178 1831 Ι
267 1746 330 1809 sod
348 1746 416 1807 isne
433 1752 482 1809 est
501 1765 598 1827 quem
616 1758 736 1827 quaero
755 1749 797 1808 on
814 1750 899 1808 non?
925 1747 1038 1825 ipsust.
1069 1748 1261 1825 congredere

351 1849 510 1908 actutum.
540 1846 664 1922 (Comes
690 1847 777 1921 back)
829 1847 904 1908 AN.
929 1847 1013 1923 Quid
1039 1848 1111 1909 est?

267 1946 332 2008 Gli.
358 1946 561 2022 06mnium,
581 1948 744 2027 quantum
770 1952 819 2007 est
847 1945 903 2026 qui
928 1946 1055 2022 uiuont,
1079 1948 1178 2008 homo
1205 1948 1262 2009 ho-

350 2046 474 2107 minum
495 2048 722 2109 ornatissume!

268 2147 352 2209 Nom
373 2147 441 2209 sine
461 2147 682 2209 controuorsia
704 2146 745 2208 ab
766 2146 815 2208 dis
835 2147 921 2209 solus
940 2145 1081 2225 diligere,
1103 2147 1259 2227 Antipho,

266 2249 341 2310 AN.
368 2232 420 2310 ita
446 2248 557 2324 uelim;
583 2248 639 2309 sed
666 2249 723 2327 qui.
749 2248 831 2309 istuc
859 2248 988 2308 credam
1014 2247 1062 2310 ita
1088 2251 1156 2309 osse
1182 2248 1261 2310 mihi

350 2349 413 2410 dici
432 2349 539 2410 uelim.
1139 2357 1143 2362 ’
1215 2365 1261 2408 855

267 2449 333 2510 GE.
352 2449 469 2609 l{itinn
492 2456 542 2511 est
566 2449 592 2510 si
616 2456 649 2511 te
672 2448 855 2511 dolibutum
879 2449 997 2527 gaudio
1021 2449 1140 2510 reddo?
1184 2448 1259 2511 AN.

381 2569 477 2610 meas,

267 2649 340 2710 PH.
365 2650 450 2725 Quin
474 2656 512 2711 tu
538 2649 611 2711 hino
636 2648 887 2728 pollicitationes
912 2649 1060 2711 auferet
1085 2650 1173 2729 quod
1198 2650 1262 2711 fors
1287 2626 1297 2641 ’

351 2749 438 2811 cedo,
484 2750 549 2811 Gli.
574 2750 634 2826 Oh,
847 2746 849 2751 ’

302 2953 364 3003 848.
382 2951 532 3015 institoria,
563 2951 641 3017 “you
669 2949 740 3002 have
778 3014 783 3022 Ι
822 2952 1044 3014 8581111511511111,
1117 2952 1264 3004 “immedi-

268 3035 404 3087 startod.’'
788 3033 893 3098 ately.'’

303 3119 364 3169 849.
384 3117 458 3180 odio,
474 3117 691 3170 “hatefulness.'’
823 3117 885 3168 853.
926 3118 1127 3181 0111111111811ωο,
1169 3118 1264 3170 “most

303 3202 365 3252 850.
384 3200 503 3266 uapula,
524 3201 576 3253 “to
595 3200 642 3252 the
656 3200 742 3266 whip-
790 3199 934 3252 lavored.’'

268 3286 335 3351 ping
348 3290 413 3350 post
428 3284 495 3336 with
509 3284 600 3350 youl''
615 3283 667 3348 lit,
684 3283 750 3334 “be·
824 3283 886 3334 855.
906 3283 964 3347 qui,
979 3283 1094 3349 “why'’

268 3367 392 3420 beaten''
413 3368 610 3434 (imperative),
627 3383 644 3418 a
660 3367 742 3418 eollo·
825 3367 887 3418 858.
906 3364 985 3418 With
997 3366 1154 3419 thisuseof
1167 3367 1264 3420 enicas

269 3452 406 3518 quialism.
791 3447 826 3501 ci.
844 3448 942 3514 perdis,
959 3451 1019 3501 806.

303 3535 364 3587 851.
382 3534 594 3587 familiariorem
635 3572 642 3586 .
685 3571 691 3586 .
735 3571 742 3584 .
825 3531 887 3583 857.
907 3531 985 3595 quod
1006 3531 1066 3586 iem
1089 3533 1168 3596 cedo,
1195 3532 1264 3586 “tell

267 3618 352 3682 hunc,
376 3618 431 3670 “he
467 3624 542 3670 must
578 3618 612 3670 be
647 3623 744 3682 pretty
792 3613 867 3668 what
885 3616 982 3679 (news)
996 3633 1052 3682 you
1067 3617 1175 3682 bung.”

268 3702 370 3769 closely
384 3701 536 3754 connected
552 3700 619 3754 with
635 3701 708 3752 me.”
