2959 4400
250 494 291 553 86
668 510 818 552 sonuum
1031 498 1101 563 [Am
1116 498 1149 562 V,
1164 499 1209 552 Sc.
1226 501 1244 552 8

250 683 388 761 Quando
408 685 543 744 euenere
562 683 640 743 haec
661 681 764 756 nobie,
785 680 895 756 frater,
916 683 1076 760 prospere.
1197 698 1242 740 895

250 782 320 844 eu.
346 784 446 845 osane
466 785 513 843 aa
533 783 583 844 uu
602 781 670 843 uixi
691 781 848 842 liberalis?
889 781 959 842 ou.
985 764 1122 860 Oppido.

250 883 417 959 Quantum
438 889 546 962 potest
567 902 652 943 nune
673 880 933 943 conueniundust
954 881 1115 957 Phormio,

250 983 342 1043 Prius
362 985 461 1063 quam
481 982 640 1061 dilapidat
661 984 789 1043 nostras
808 981 943 1059 triginta
963 981 1076 1069 minas
1138 999 1142 1005 ·

248 1084 293 1145 Vt
321 1083 514 1145 adferamus,
564 1082 627 1143 PH
629 1132 632 1141 .
668 1083 802 1160 (coming
827 1082 973 1160 forword)
1004 1082 1240 1160 Demiphonem

332 1186 358 1245 si
378 1184 498 1245 domist

251 1283 370 1358 Visam,
386 1286 423 1345 ut
438 1284 525 1364 quod
567 1332 570 1339 .
591 1283 659 1344 DE.
685 1283 728 1344 At
744 1302 803 1343 nos
818 1283 858 1344 ad
873 1289 907 1344 te
921 1283 1059 1358 ibamus,
1076 1283 1237 1346 Phormio.

249 1384 320 1445 PH.
346 1386 394 1445 De
418 1384 530 1445 eadem
555 1384 615 1445 hdo
639 1382 776 1445 foitasse
801 1385 916 1444 eausa?
953 1383 1022 1444 DE.
1049 1383 1103 1445 Ita
1126 1384 1240 1445 hercle.

332 1484 404 1545 PH.
428 1484 568 1546 Credidi:
1197 1502 1241 1542 ool

249 1584 334 1660 Quid
357 1585 397 1646 ad
420 1604 470 1645 me
491 1584 607 1646 ibatis?
649 1584 718 1645 DE.
743 1584 938 1645 Ridiculum.
981 1584 1053 1645 PH.
1077 1584 1128 1645 An
1150 1584 1240 1646 reba-

333 1684 411 1745 mini
1103 1691 1105 1694 ’

250 1786 301 1846 Me
321 1788 386 1847 non
406 1786 439 1847 id
459 1785 573 1861 faeere,
595 1785 683 1864 quod
704 1785 894 1862 recepissem
914 1786 1031 1846 semel?

250 1886 349 1961 Heus
390 1887 516 1965 quanta
560 1891 685 1966 quanta
731 1887 809 1946 haee
855 1887 928 1946 mea
963 1891 1139 1963 paupertas
1181 1888 1240 1962 est,

333 1992 445 2048 tamen

251 2086 365 2147 Adhuc
384 2086 494 2147 curaui
511 2105 612 2147 unum
631 2086 690 2148 hoc
709 2086 850 2166 quidem,
869 2092 906 2147 ut
924 2086 968 2147 mi
985 2085 1069 2147 esset
1087 2086 1175 2147 fides
1195 2102 1241 2143 905

250 2186 353 2266 quue
374 2186 454 2248 adeo
474 2186 569 2248 uenio
590 2187 789 2262 nuntiatum,
813 2187 982 2266 Demipho,
1097 2199 1100 2204 '

250 2287 406 2348 Paratum
427 2307 478 2349 me
497 2307 578 2348 esse:
598 2286 654 2348 ubi
674 2288 782 2363 uoltis
802 2290 937 2348 uxorem
957 2288 1043 2349 date.

250 2387 334 2448 Nam
357 2389 462 2448 omnis
483 2387 659 2466 posthabui
681 2387 760 2448 mihi
782 2407 840 2461 reo,
864 2387 912 2449 ita
933 2387 982 2448 uti
1003 2389 1063 2465 par
1085 2388 1157 2463 luit,

250 2487 429 2568 Postquam
456 2487 489 2548 ld
516 2494 611 2549 tanto
638 2506 733 2566 opere
759 2488 926 2548 uosuelle
954 2487 1098 2548 animum
1126 2487 1242 2550 adubi-

331 2595 443 2650 teram.
1195 2604 1242 2646 ooo

249 2688 319 2749 DE.
344 2688 387 2749 At
411 2688 462 2749 hio
485 2689 677 2750 dehortatus
700 2691 749 2750 est
773 2708 833 2763 me,
858 2708 898 2749 ne
921 2687 1008 2750 illam
1032 2689 1093 2749 tibi
1116 2689 1240 2749 darem:

248 2788 349 2849 ‘Nam
372 2791 427 2868 qui
449 2789 509 2850 erit
531 2809 641 2849 rumor
661 2789 787 2866 populi’
811 2788 927 2868 inquit,
952 2789 992 2848 ‘si
1015 2788 1047 2849 id
1069 2788 1199 2849 feceris?

250 2889 334 2950 Olim
356 2889 455 2968 quo'm
478 2889 611 2949 honeste
631 2889 751 2966 potuit,
774 2894 845 2949 tum
867 2909 932 2949 non
954 2891 1003 2950 est
1024 2888 1116 2964 data;

250 2990 332 3050 Eam
353 2991 439 3050 m'mo
459 2988 589 3049 extrudi
610 2988 762 3066 turpest'.
807 2988 906 3049 ferme
926 2989 1040 3049 eadem
1061 2988 1180 3064 omnia,

248 3089 339 3164 Quae
362 3091 435 3150 tute
459 3081 583 3150 dudum
608 3090 716 3149 eoram
742 3108 793 3149 me
817 3089 1032 3150 incusaueras.

283 3325 344 3376 896.
364 3323 477 3389 oppid0‚
493 3325 610 3389 “very.’'
803 3325 865 3376 906.
881 3323 912 3375 id
927 3323 1007 3386 adeo,
1027 3325 1106 3388 “just
1122 3323 1206 3386 this‚”

282 3408 344 3458 897.
367 3409 510 3472 quantum
536 3410 644 3470 potest,
672 3409 721 3458 “as
802 3408 864 3459 910.
882 3406 1061 3468 dehortatus,
1081 3406 1241 3470 trisyllabic.

247 3506 316 3542 soon
330 3508 361 3542 as
376 3481 523 3557 possible.”
803 3491 865 3542 913.
906 3489 1241 3554 eam...tu1pest:ef.

282 3575 344 3626 898.
356 3572 503 3638 dilapidat,
518 3574 720 3640 “squanders.''
768 3577 819 3625 413
834 3574 854 3626 f.

282 3657 343 3710 901.
366 3657 408 3710 ita
434 3655 537 3719 hercle,
568 3659 643 3723 “yos
680 3657 721 3709 in·
802 3658 864 3708 914.
882 3656 1001 3720 dudum,
1020 3658 1058 3708 “a
1075 3657 1146 3708 little
1163 3655 1242 3708 while

247 3739 347 3793 deed.''
770 3742 850 3805 ago.''
