2959 4400
237 464 297 517 Aer
311 464 365 525 ΙΙΙ,
381 464 425 517 Sc.
442 465 468 529 2]
657 476 811 519 anonimo
1191 463 1231 520 43

236 652 305 713 DE.
331 652 384 713 Ita
399 656 436 713 ut
452 650 540 713 dicia.
571 669 629 729 ego
644 656 716 711 tum
732 669 832 731 quom
848 651 1060 726 aduenissem
1078 652 1134 731 qui
1150 651 1230 712 mihi

235 753 382 830 Cognata
401 770 439 813 ea
459 756 553 826 esset,
574 750 726 812 dicerem:
756 749 870 811 itidem
889 752 928 812 to
948 751 1026 811 face.

235 853 321 915 Cedo
336 852 392 933 qui
407 854 456 913 est
472 853 628 929 cognata?
648 850 722 912 GE.
743 850 828 925 (wide
842 852 1004 930 preteruled
1019 851 1226 927 collacteam)

320 954 380 1027 Eu,
395 954 515 1027 noster,
530 956 629 1012 recte:
648 951 748 1025 (oeldo
761 959 790 1012 to
804 951 965 1026 Phormio)
982 951 1061 1011 heus
1074 952 1123 1026 tri,
1137 970 1226 1012 caue.

235 1054 307 1115 PH.
333 1051 480 1113 Dilucide
499 1050 650 1129 expediui
670 1050 789 1130 quibus
809 1071 860 1112 me
880 1050 1024 1129 oportuit

236 1153 414 1228 iudicibus;
434 1158 507 1214 tum
527 1150 560 1213 id
580 1150 607 1212 si
626 1150 744 1212 falsum
765 1150 881 1226 fuerat,
903 1151 989 1211 filius
1183 1166 1231 1208 400

235 1254 323 1329 Quor
342 1254 408 1315 ndu
428 1252 563 1313 refellit?
591 1251 662 1311 DE.
684 1251 802 1312 Filium
822 1253 934 1313 narras
954 1251 1051 1312 mihi?
1300 1240 1303 1246 ⁴

235 1353 358 1429 Quoius
380 1352 420 1415 de
441 1351 584 1414 stultitia
605 1350 669 1412 dici
689 1357 728 1413 ut
750 1351 916 1429 dignumst
938 1353 1003 1412 non
1025 1357 1144 1429 potest.

235 1453 307 1514 PH.
331 1452 376 1515 At
395 1454 433 1514 tri
452 1452 508 1532 qui
527 1451 655 1529 sapiens
675 1453 708 1512 es
727 1451 938 1529 magistratus
956 1451 1019 1526 adi,
1120 1455 1123 1460 ⁴

236 1553 396 1614 Iudicium
418 1552 592 1614 decadem
615 1554 712 1613 causa
733 1550 851 1612 iterum
872 1557 910 1611 ut
931 1548 1070 1613 reddant
1091 1550 1166 1626 tibi;

235 1652 507 1731 Quandoquidem
527 1651 613 1712 solus
633 1654 748 1729 regnas
767 1656 800 1712 ct
820 1651 878 1712 soli
899 1650 972 1713 licet
1183 1666 1231 1709 405

236 1754 297 1823 Hic
318 1752 491 1814 decadem
512 1770 609 1813 causa
629 1751 678 1813 bis
697 1750 853 1813 iudicium
874 1751 1016 1829 apiscier.

235 1855 304 1914 DE.
330 1853 401 1915 Etsi
421 1851 501 1912 mihi
520 1851 608 1913 facta
628 1850 787 1927 iniuriam,
807 1852 921 1913 uerum
941 1857 1052 1913 tamen

235 1953 348 2015 Potiiis
368 1972 468 2033 quam
488 1951 553 2013 litis
573 1954 676 2014 secter
695 1957 754 2014 aut
773 1971 873 2032 quam
893 1957 927 2013 te
946 1952 1088 2028 audiam,

235 2053 354 2115 Itidem
375 2054 412 2114 rit
433 2058 572 2131 cognata
591 2053 617 2112 si
637 2051 690 2128 sit,
711 2051 745 2114 id
765 2051 853 2132 quod
874 2052 925 2113 lex
944 2052 1035 2113 iubet

236 2155 330 2217 Dotis
351 2154 438 2229 dare,
462 2152 568 2215 abduc
590 2153 683 2229 hanc,
707 2153 812 2214 minas
833 2153 977 2234 quinque
998 2152 1119 2231 accipe.
1182 2167 1247 2210 erov

234 2256 306 2317 PH.
331 2255 500 2331 Hahahae,
526 2254 623 2316 homo
647 2253 766 2315 suauia
816 2254 885 2314 DE.
924 2253 1009 2329 Quid
1034 2255 1102 2314 est?
1149 2272 1228 2314 num

317 2355 462 2435 iniquom
483 2354 632 2432 pdstulo?

235 2456 285 2516 An
301 2474 342 2517 ne
357 2456 417 2516 hoc
434 2454 565 2535 quidem
581 2474 639 2532 ego
656 2455 825 2532 adipiscar,
842 2454 930 2534 quod
946 2453 995 2514 ius
1010 2452 1230 2531 priblicumst?

234 2549 380 2560 *-

270 2623 332 2675 306.
347 2622 405 2686 qui,
422 2621 529 2674 “how.”
708 2641 715 2658 .
791 2622 852 2674 400.
882 2619 985 2672 itidem
1012 2624 1047 2672 ut
1083 2619 1117 2682 si,
1152 2620 1230 2686 “just
1292 2687 1294 2693 Ι

270 2706 332 2758 398.
348 2705 427 2768 cedo,
445 2704 539 2758 “teli”
755 2721 786 2756 as
808 2705 858 2757 il.”

269 2790 331 2842 300.
347 2787 483 2853 oportuit,
498 2803 535 2841 sc.
551 2789 681 2855 expedire.
790 2788 851 2840 410.
871 2787 962 2841 abdue
983 2829 989 2842 .
1011 2829 1018 2842 .
1039 2829 1046 2842 .
1065 2787 1174 2852 accipe:
1192 2804 1230 2839 an

270 2873 331 2926 401.
344 2884 457 2937 quor:
471 2888 526 2924 eur.
755 2867 951 2926 anacoluthon.
981 2869 1032 2923 We
1044 2870 1143 2923 should
1156 2870 1228 2923 have

270 2957 331 3008 405.
347 2949 590 3020 quandoquidem:
639 2953 699 3006 first
754 2954 890 3022 expected
912 2971 988 3008 some
1010 2953 1080 3007 such
1103 2953 1174 3005 lorm
1197 2972 1228 3006 aa

236 3043 325 3094 foota
338 3040 443 3107 dactyl.
755 3040 822 3090 dubo
846 3039 962 3105 cucumae
985 3039 1084 3101 minae,
1110 3038 1137 3089 ei
1161 3037 1230 3089 lcon'c

270 3123 332 3176 406.
347 3121 468 3186 apiscier
483 3143 513 3164 =
530 3122 626 3188 apisci,
643 3122 709 3174 “ob-
755 3123 905 3197 obduxeris,
930 3121 983 3174 but
1006 3122 1035 3174 in
1060 3121 1102 3173 his
1126 3122 1230 3174 excite-

236 3207 324 3260 tain.''
362 3205 396 3256 In
417 3205 538 3258 classical
558 3204 641 3257 Latin
661 3203 708 3257 the
755 3211 833 3259 ment
852 3205 989 3272 Demipho
1008 3210 1110 3258 rasoria
1127 3210 1158 3257 to
1177 3205 1229 3256 im-

236 3289 394 3356 compound
426 3288 546 3356 adipisci
577 3289 600 3340 is
633 3305 708 3339 more
755 3290 901 3355 peratives.

236 3372 373 3438 frequent.
790 3373 851 3425 411.
868 3371 1009 3435 1141141144,
1032 3373 1228 3440 trisyllabic.-

271 3457 331 3508 407.
364 3469 470 3508 uerum
501 3460 609 3518 tamem
639 3455 709 3508 “but
754 3455 841 3508 homo
870 3457 981 3520 suauis,
1007 3456 1073 3509 “the
1101 3455 1229 3523 pleasant

236 3538 320 3592 still.”
755 3538 875 3592 lellowl”
935 3539 991 3593 Not
1031 3557 1048 3591 a
1089 3539 1227 3592 vocative.

271 3623 332 3675 408.
363 3621 422 3674 licia
461 3625 562 3684 secter,
596 3623 647 3688 “go
679 3628 708 3674 to
756 3622 886 3674 Phormio
899 3624 923 3675 is
937 3622 1059 3676 ironical.

236 3703 707 3776 lau,”anticipatorysubjunctive.
949 3717 952 3723 ’
