2959 4400
196 496 197 499 ,
256 446 295 505 84
592 467 594 470 ·
675 458 824 501 Tannum
1037 447 1111 515 [Aci
1124 446 1158 513 V,
1171 448 1251 503 sot

255 632 331 695 AN.
355 632 469 708 Quod?
509 632 575 695 ΟΕ.
597 631 691 707 Quod
712 651 788 692 nam
809 630 984 693 arbitrato?
1023 631 1099 695 AN.
1122 632 1246 695 Nescio.

339 732 404 795 ΟΕ.
429 715 531 813 Atqui
551 731 836 793 mirificissumum:

256 833 395 895 Patmos
439 839 515 894 tuos
558 838 607 894 est
652 833 746 911 pitter
789 820 943 894 inuentus
987 832 1112 894 Phanio
1155 836 1248 895 uxori

338 940 424 996 tuae.

255 1033 330 1096 AN.
354 1034 440 1110 Quid
463 1035 529 1095 ais?
571 1033 637 1096 ΟΕ.
660 1032 741 1095 Cum
764 1032 833 1093 eius
855 1032 1023 1095 consueuit
1045 1033 1122 1095 olim
1144 1036 1249 1097 mitre

337 1134 371 1196 in
392 1135 514 1195 Lemno
534 1132 725 1194 clAnculum.

256 1234 328 1297 PH.
353 1234 535 1298 somnium:
558 1233 650 1295 utine
682 1233 762 1295 haec
794 1234 956 1312 ignoraret
986 1236 1079 1297 suom
1102 1238 1249 1313 patrem?

338 1335 404 1399 ΟΕ.
425 1333 554 1414 Aliquid
576 1333 707 1409 credito,

256 1435 418 1511 Phormio,
441 1453 510 1496 esse
532 1436 660 1509 causam
683 1434 739 1496 sed
762 1452 814 1495 me
836 1437 952 1496 censen
973 1435 1118 1514 potuisse
1139 1436 1249 1498 omnia

258 1521 446 1614 intellegere
473 1529 567 1597 extra
595 1534 725 1610 ostium,
754 1534 844 1597 intus
871 1554 955 1615 quae
981 1537 1067 1597 inter
1093 1554 1161 1597 sese
1188 1536 1250 1614 ipsi

251 1627 254 1632 ’
339 1636 480 1714 egerint?
1203 1651 1251 1694 aaa

256 1736 322 1799 AN
325 1732 331 1798 2
355 1719 464 1816 Atque
483 1754 542 1814 ego
561 1753 691 1816 quoque
709 1734 858 1797 inaudiui
876 1735 964 1797 illam
984 1735 1140 1798 fabulam.
1181 1736 1247 1799 ΟΕ.

340 1837 446 1897 Immo
465 1836 565 1897 etiAm
585 1834 671 1897 dabo

257 1938 329 2014 Quo
346 1936 449 2015 magis
466 1936 589 1997 credas:
623 1936 759 2015 paitruos
775 1936 899 1998 interea
916 1935 991 1998 inde
1008 1937 1070 1999 huo
1087 1936 1250 2016 egreditur

340 2038 439 2112 foras;

258 2138 356 2201 Haud
385 2136 490 2200 multo
518 2141 593 2216 post
622 2137 696 2199 oum
724 2142 818 2217 patre
846 2136 931 2199 idem
961 2136 1075 2217 recipit
1102 2156 1136 2201 se
1163 2137 1250 2201 intro
1358 2124 1363 2131 ’

340 2239 460 2301 denuo:

258 2322 314 2402 Ait
334 2346 472 2419 uterque
492 2337 553 2400 tibi
572 2329 772 2417 potestatem
792 2337 860 2400 dius
880 2338 1083 2400 adhibendae
1102 2339 1181 2400 dari.
1204 2355 1251 2398 sao

259 2439 406 2520 Denique
426 2459 484 2517 ego
505 2458 577 2499 sum
600 2441 725 2513 missua,
747 2444 781 2500 te
800 2444 839 2500 ut
859 2439 1052 2517 requIrerem
1074 2424 1173 2519 atque
1194 2440 1251 2501 ad-

311 2591 312 2594 .
340 2540 500 2601 ducerem.

258 2640 324 2703 AN
327 2689 333 2701 .
357 2641 443 2717 Quin
465 2659 540 2718 ergo
561 2657 639 2718 rape
660 2641 721 2700 me.
766 2638 845 2719 quid
867 2641 990 2700 cessas?
1032 2639 1097 2701 ΟΕ.
1121 2641 1248 2702 Fecero.

341 2739 407 2802 AN
410 2788 416 2800 .
441 2740 469 2802 Ο
489 2739 533 2800 mi
554 2739 715 2815 Phormio

258 2840 348 2904 Vale.
394 2839 466 2901 PH.
492 2839 581 2916 Vale,
608 2839 763 2918 Antipho.
809 2839 901 2914 bene,
925 2839 974 2901 ita
997 2859 1048 2900 me
1071 2839 1104 2901 di
1128 2845 1250 2915 ament,

166 2947 168 2951 ‘
341 2940 480 3004 factum:
502 2940 636 3019 gaudeo.
684 2940 821 3014 (Exeont
842 2938 983 3018 Antipho
1004 2941 1068 3001 ond
1090 2939 1165 3002 Geta
1185 2942 1251 3002 into

342 3041 525 3120 Demipho's
544 3041 661 3116 hovae.)

294 3279 356 3331 873.
376 3275 446 3341 quid
479 3256 531 3338 ais,
555 3277 629 3342 “you
652 3275 733 3327 don't
780 3274 936 3340 something
982 3275 1252 3327 about.''—imm0

259 3357 310 3428 hay
322 3360 385 3414 sot’'
780 3358 870 3410 etiam
882 3357 966 3421 dubo,
981 3358 1053 3414 “but
1067 3359 1111 3411 I’ll
1125 3358 1173 3411 tell
1194 3375 1250 3424 you

294 3445 355 3497 874.
383 3443 465 3496 utine
498 3483 504 3496 .
536 3483 543 3496 .
575 3484 581 3496 .
610 3446 732 3506 patrem,
780 3441 937 3506 something
949 3441 1085 3494 besides.’'

261 3527 331 3580 “she
369 3533 420 3580 not
458 3525 541 3578 know
580 3524 629 3577 her
671 3542 732 3578 own
814 3525 877 3577 880.
902 3525 964 3576 eius
988 3523 1183 3589 adhibendae,¹
1204 3525 1255 3577 “of

260 3609 383 3664 fatherl”
780 3606 897 3674 keeping
910 3607 986 3660 her.''

295 3695 355 3747 877.
374 3692 511 3756 inaudiui¹
523 3693 559 3744 “I
568 3691 640 3744 have
649 3691 734 3744 heard
