2959 4400
217 517 280 571 Ace
293 515 343 581 IV,
357 517 403 570 sc.
417 516 445 581 6]
636 524 790 567 enonnlo
1056 590 1081 602 ..
1171 506 1208 568 71

220 701 268 764 Eo
298 702 466 780 perperam
498 698 574 760 olim
610 696 687 773 dixi,
720 717 760 759 ne
794 716 854 758 uos
889 697 973 759 torte
998 696 1210 776 inprudentes

302 800 378 861 foris
1165 812 1211 853 745

222 900 420 964 Effuttiretis
436 902 534 979 atque
550 898 582 959 id
598 918 693 977 porro
709 897 817 977 aliqua
832 900 914 959 rixor
929 917 1001 959 mea
1016 897 1208 958 rescisceret.

219 1002 280 1065 80.
305 1002 393 1062 Istoc
416 999 470 1078 pol
494 1018 552 1060 nos
574 1004 608 1059 te
631 998 682 1060 hic
705 997 849 1059 inuenire
873 999 1006 1059 miserae
1030 1015 1210 1077 numquam

302 1100 477 1179 potuimus.
1119 1167 1123 1175 ,

106 1269 109 1280 ,
217 1201 289 1264 CH.
314 1202 384 1263 Eho
411 1200 461 1262 dic
488 1199 576 1275 mihi,
604 1198 681 1279 quid
708 1200 753 1259 rei
779 1198 872 1260 tibist
898 1218 972 1259 cum
999 1197 1124 1259 familia
1149 1198 1210 1259 hac

301 1301 388 1363 unde
407 1291 493 1362 eriis?

218 1400 282 1465 Vbi
306 1401 379 1463 illae
402 1402 498 1462 sunt?
545 1400 782 1463 senseram
807 1402 871 1462 me!
913 1399 983 1461 CH.
1010 1399 1106 1474 Hem,
1131 1397 1210 1477 quid

301 1504 369 1564 est?
409 1500 586 1562 uiutntne?
626 1500 686 1562 ΒΟ.
710 1500 801 1562 Viuit
821 1500 930 1577 gna'ta.

219 1602 358 1665 Matrem
377 1602 482 1680 ipsam
501 1620 542 1662 ex
562 1600 762 1678 aegritudine
781 1600 842 1661 hac
862 1599 1011 1661 miserem
1031 1618 1118 1660 mors
1137 1618 1211 1660 con-

301 1703 454 1764 secutast.
692 1764 696 1770 ,
1166 1714 1211 1756 750

218 1802 288 1865 CH.
313 1802 396 1863 Male
414 1801 548 1863 factum.
590 1801 651 1864 SO.
673 1801 742 1878 Ego
761 1805 882 1876 autem,
902 1820 986 1879 quae
1005 1792 1111 1861 essem·
1126 1818 1209 1861 anus

302 1901 440 1977 deserta,
460 1920 566 1980 egens,
587 1900 708 1979 ignota,

172 2074 174 2079 ,
217 2002 262 2064 Vt
289 2000 383 2081 potui
411 2006 552 2081 nuptum
579 2001 737 2080 uirginem
765 2000 869 2062 lociui
897 2000 971 2062 huic
999 1999 1208 2075 adulescenti,

218 2102 345 2164 Harrim
371 2101 428 2182 qui
452 2107 502 2163 est
527 2101 678 2163 dominus
704 2101 842 2163 aedium.
890 2100 960 2163 CH.
988 2101 1209 2180 Antiphonin‘t

301 2203 362 2266 SO.
387 2200 460 2279 Em,
481 2202 552 2265 istic
572 2203 642 2282 ipsi.

217 2303 287 2366 CH.
312 2303 417 2380 Quid?
457 2303 580 2366 duasne
600 2322 717 2365 uxores
738 2303 856 2365 habet?
898 2303 959 2366 SO.
984 2303 1045 2378 Au,
1067 2302 1211 2378 obsecro,

301 2406 401 2466 cinam
421 2403 473 2466 ille
493 2403 623 2484 quidem
644 2403 728 2465 hanc
747 2403 859 2464 stiam.

218 2503 289 2566 CH.
313 2504 399 2580 Quid
425 2504 513 2566 illam
540 2504 675 2565 tlteram
701 2522 786 2583 quae
803 2503 922 2566 dicitur
939 2505 1097 2582 cognata?
1144 2503 1205 2567 SO.

302 2604 391 2666 Haeo
411 2609 527 2682 ergost.
566 2602 636 2665 OH.
660 2603 746 2680 Quid
766 2605 840 2665 ais?
1166 2620 1211 2662 755
1286 2592 1297 2606 ⁴

251 2838 314 2891 745.
333 2849 493 2903 perperam,
517 2827 689 2904 “wrongly.’'
739 2855 814 2891 news
856 2838 1065 2905 ecelin—queo
1107 2852 1211 2912 essem,

216 2921 321 2974 —ioris
333 2921 496 2984 eitutiretis,
511 2922 588 2988 “you
600 2920 690 2988 might
740 2922 833 2974 causal
846 2921 946 2975 clause.

217 3004 283 3057 blab
300 3005 323 3056 it
341 3005 377 3057 all
395 3021 462 3057 over
478 3005 583 3058 town.’'
775 3006 835 3058 752.
852 3009 887 3057 ut
902 3005 993 3069 potui,
1013 3005 1119 3071 “doing
1136 3004 1212 3058 what

251 3089 313 3142 746.
346 3101 439 3153 porro,
475 3088 525 3139 “in
558 3089 689 3140 tum.”—
740 3087 885 3150 Icould,'’
906 3105 982 3140 more
1004 3089 1122 3155 literally
1145 3089 1211 3153 “(so

216 3171 322 3236 alique:
355 3171 390 3225 cf.
408 3174 469 3225 585.
739 3172 795 3234 far)
811 3189 842 3223 as
859 3172 872 3222 Ι
890 3190 946 3224 was
962 3171 1212 3236 able.''—nuptum

251 3256 312 3308 747.
331 3255 412 3318 istoc,
448 3255 506 3306 “on
547 3253 611 3307 that
644 3271 690 3306 ac·
737 3253 841 3310 locavi:
866 3256 901 3307 ci.
917 3257 980 3306 dore
995 3261 1110 3321 nuptm
1126 3256 1210 3319 (720).

217 3339 330 3390 oount.’'
492 3393 505 3415 Ι
773 3338 835 3390 753.
853 3337 927 3400 istic,
941 3337 1045 3391 dative.

251 3422 312 3474 748.
332 3421 412 3486 Scan,
426 3420 503 3473 mihi.
773 3422 835 3474 754.
854 3421 1027 3486 euobeecro,
1038 3422 1140 3475 hiatus.
1161 3422 1210 3475 See

251 3506 313 3558 749.
348 3503 422 3567 illae,
458 3503 500 3556 his
536 3504 596 3556 wife
632 3503 688 3556 and
739 3504 934 3557 Introduction
954 3505 1011 3558 xiii.

217 3587 361 3654 daughter.
774 3589 834 3640 755.
871 3601 947 3652 ergo,
984 3591 1128 3641 continues
1163 3589 1210 3642 the

250 3672 312 3725 751.
335 3670 411 3724 male
434 3670 552 3733 iactum,
580 3670 688 3722 “that’s
738 3671 867 3737 previous
882 3671 1025 3726 assertion.
1055 3672 1209 3736 Translate,

217 3753 302 3810 bad.''
345 3754 473 3810 Chremes
498 3754 616 3810 receives
640 3754 688 3809 the
740 3753 868 3823 “Isay.”
