2959 4400
235 435 296 489 Aoo
309 433 365 498 111,
378 432 425 488 So.
439 433 467 500 2]
656 440 811 485 ruonruo
1192 428 1231 489 41

235 622 301 685 GE.
326 621 442 700 Pergin
463 639 517 682 ero
539 618 666 682 absenti
687 616 772 679 mole
792 616 892 699 loqui,
913 618 1149 699 inpurissume?

236 722 308 784 PH.
333 720 476 799 Dignum
491 721 601 782 etitem
616 718 676 781 hoo
690 716 787 780 illost.
815 719 881 781 GE.
897 719 960 781 Ain
971 726 1093 795 tamen,
1106 722 1232 782 carcer?

318 821 389 882 DE.
413 820 510 883 Geta!
719 820 720 825 ’

235 921 301 984 GE.
328 921 370 996 (ιο
403 920 561 995 Phormio,
595 921 777 1000 prctcrulinp
793 927 862 1002 poor
893 927 922 982 ιο
954 920 1028 982 boor
1060 919 1229 1000 Demipho)

319 1022 485 1083 Bondrum
507 1026 663 1095 extortor,
688 1019 794 1098 legum
815 1020 989 1082 contortor.
1036 1020 1106 1081 DE.
1131 1020 1229 1083 Geta!

236 1121 308 1185 PH.
336 1122 435 1197 (asido
456 1130 484 1184 ιο
505 1120 592 1195 Geta)
617 1118 799 1197 Responde.
841 1118 907 1181 GE.
933 1120 1076 1198 (turniop
1094 1121 1230 1195 oround)

120 1216 124 1221 ’
319 1221 399 1297 Quis
422 1222 571 1283 homost?
594 1221 696 1282 ehem.
745 1219 814 1281 DE.
843 1221 885 1296 (ιο
909 1220 997 1297 Geto)
1023 1220 1118 1283 Tace.
1165 1220 1231 1282 GE.
1349 1267 1351 1272 ,

322 1322 364 1397 (ιο
384 1321 553 1401 Demipho)
576 1321 713 1382 Absenti
732 1319 794 1382 tibi
948 1382 950 1385 ,
984 1355 987 1359 ·
1187 1336 1233 1378 375

235 1422 280 1485 Te
300 1421 448 1500 indignos
468 1441 566 1500 seque
586 1420 701 1499 dignos
720 1420 935 1484 contumelias

237 1520 426 1601 Numqudm
441 1520 580 1582 cessauit
594 1519 700 1581 dicere
715 1520 820 1583 hodie.
850 1521 920 1583 DE.
940 1522 983 1596 (ιο
996 1521 1085 1596 Gelo)
1104 1520 1232 1583 Desine.

239 1621 281 1696 (ιο
309 1622 471 1696 Phormio)
502 1620 709 1695 Adulescens,
739 1621 881 1699 primurn
910 1620 970 1683 abs
997 1628 1031 1683 te
1059 1622 1119 1683 hoc
1147 1618 1234 1682 bona

319 1721 416 1783 uenit
435 1726 522 1799 peto,

237 1821 349 1884 siuti
367 1821 493 1901 placere
510 1821 598 1899 potis
615 1826 674 1896 est,
695 1822 740 1883 mi
758 1827 797 1883 ut
815 1821 1022 1900 respoudeas:

129 1977 133 1982 .
237 1921 341 1998 Quem
357 1924 497 1983 amicum
513 1926 605 1982 tuom
622 1925 669 1982 ais
684 1921 783 1984 fuisse
797 1922 908 1997 istum,
924 1920 1066 1999 explano
1080 1920 1170 1995 mihi,
1188 1935 1235 1977 coo

238 2022 281 2083 Et
302 2018 357 2101 qul
377 2026 552 2098 cognatum
573 2022 624 2081 me
643 2019 705 2082 sibi
724 2040 793 2083 esse
812 2022 942 2084 diceret.

237 2119 309 2182 PH.
334 2118 473 2183 Proinde
496 2120 660 2199 expiscere
683 2120 778 2202 qussi
801 2141 866 2182 non
888 2140 1008 2183 nosses
1055 2121 1126 2182 DE.
1152 2120 1234 2182 Nos-

320 2224 408 2284 sem?
436 2221 509 2284 PH.
531 2221 594 2283 Ita.

240 2435 436 2444 ...ι-

272 2505 489 2571 stupam:
502 2507 631 2573 pcrys‘sno.
760 2507 842 2572 gards
868 2507 979 2574 gender.
1026 2505 1134 2571 Notine,
1162 2505 1234 2558 how·

272 2590 333 2642 373.
350 2588 479 2653 dignum,
498 2589 713 2643 “deserved.''—
759 2608 833 2653 ever,
850 2588 915 2643 thot
931 2591 1001 2657 potis
1016 2591 1040 2642 is
1055 2589 1124 2642 used
1140 2588 1234 2641 before

237 2676 345 2734 tamen,
361 2670 464 2736 “still'’
477 2672 496 2726 i.
509 2689 543 2735 e.‚
557 2673 586 2723 in
598 2673 671 2739 spite
684 2672 713 2724 of
760 2673 869 2737 vowels,
882 2680 940 2741 pote
950 2672 1044 2724 before
1055 2677 1234 2725 consonante.

238 2756 333 2808 Geta’s
353 2759 611 2823 protest-carcer,
634 2755 713 2821 “jail-
759 2757 852 2809 —The
865 2758 901 2807 ut
914 2755 1005 2808 clause
1019 2755 1143 2822 depends
1157 2772 1233 2821 upon
1323 2771 1325 2774 ·

238 2838 329 2892 bird.’'
760 2841 869 2906 placere.
1029 2883 1033 2887 .

272 2922 333 2974 377.
364 2920 461 2985 hodie,
492 2920 562 2974 used
593 2921 712 2975 without
793 2923 854 2974 381.
877 2921 936 2986 qui,
960 2920 1008 2974 the
1030 2922 1077 2975 old
1099 2921 1233 2985 ablativo,

239 3004 374 3070 temporal
388 3005 470 3069 force,
485 3005 529 3057 for
541 3004 589 3058 the
603 3004 669 3056 sake
683 3004 712 3056 of
761 3004 869 3058 “hom''

238 3087 385 3154 emphasis,
409 3086 465 3140 like
488 3104 540 3140 our
562 3088 711 3154 impatient
792 3089 854 3141 382.
880 3088 1041 3154 expiscere:
1065 3089 1094 3141 in
1121 3086 1234 3155 English

240 3171 348 3224 “nom’'
758 3171 818 3223 also
842 3189 882 3224 we
906 3172 993 3237 speok
1016 3173 1046 3225 of
1069 3172 1170 3238 flahtom
1193 3172 1235 3224 for

272 3254 333 3306 378.
346 3253 423 3307 bons
433 3254 528 3318 uenia,
543 3253 629 3307 “with
641 3271 712 3321 your
759 3255 1100 3311 infonrmtion.—nos¹ss:
1112 3255 1160 3308 the
1172 3254 1235 3322 plu·

238 3335 306 3389 kind
320 3338 512 3404 pennission.’'
758 3339 865 3404 perfect
890 3339 914 3391 is
939 3339 1008 3391 used
1035 3338 1161 3402 because,
1189 3354 1234 3390 ac·

272 3421 334 3473 373.
351 3421 439 3486 potis,
459 3420 522 3473 here
540 3427 646 3474 neuter.
684 3420 712 3472 It
759 3421 873 3487 cording
888 3426 919 3473 to
937 3420 1077 3488 Phormio,
1095 3420 1234 3488 Demipho

237 3504 260 3556 is
277 3502 336 3556 also
353 3504 422 3556 used
439 3521 469 3556 as
487 3503 637 3573 masculine
654 3504 710 3556 and
758 3504 814 3556 had
824 3504 925 3556 known
934 3504 971 3557 all
980 3505 1064 3571 along
1073 3504 1134 3557 who
1143 3504 1233 3572 Stilpo

238 3587 377 3641 feminine.
419 3587 477 3640 The
501 3587 573 3639 fonn
603 3593 662 3655 pote
688 3587 710 3638 is
758 3600 986 3652 ivm-noem,
1024 3605 1061 3640 an
1098 3587 1166 3640 echo
1205 3588 1234 3640 of

237 3670 349 3737 equally
372 3670 589 3723 indiscriminate
614 3689 645 3723 as
671 3688 711 3723 re-
758 3689 848 3724 nosses
859 3672 888 3724 in
900 3671 969 3725 both
981 3677 1058 3726 tense
1070 3671 1127 3726 ond
1138 3670 1231 3727 meod.
