2959 4400
259 493 298 552 30
672 503 834 550 ,rnanurr
1035 491 1106 559 [Aer
1120 494 1159 557 ΙΙ,
1175 494 1219 546 Sc.
1235 497 1251 546 3

258 681 408 743 Meditari
430 699 539 741 seeum
561 682 701 758 oportet,
725 699 790 759 quo
811 685 909 757 paeto
932 680 1104 740 aduersam
1127 699 1252 740 aerum-

339 783 416 842 nam
437 780 554 853 ferant,

258 881 390 956 Perlola,
410 880 540 955 damna,
556 879 680 942 exsilia:
698 899 829 958 peregre
846 881 971 941 rediens
988 898 1115 957 semper
1131 881 1251 957 cogitet

257 982 324 1042 Aut
352 980 399 1041 fili
426 985 597 1059 peecatum
626 981 683 1040 adt
710 980 821 1039 uxoris
848 981 986 1041 mortem
1015 985 1073 1040 aut
1101 979 1252 1039 morbum

341 1081 426 1142 filiae
432 1101 439 1155 ;

257 1180 449 1242 Communia
466 1198 534 1240 esse
552 1179 641 1254 haec,
661 1179 730 1240 lieri
749 1199 852 1256 posse,
872 1185 909 1239 ut
928 1178 1064 1256 nequid
1083 1179 1191 1239 animo
1209 1182 1251 1241 slt

341 1300 460 1341 nouom
466 1300 474 1354 ;
1207 1296 1252 1335 245

258 1380 424 1459 Quidquid
440 1384 569 1458 praeter
584 1397 675 1456 spem
691 1378 831 1453 eueniat,
849 1396 945 1438 omne
961 1376 993 1437 id
1011 1377 1168 1454 deputare
1184 1397 1252 1438 esse

340 1482 373 1540 ln
395 1480 492 1540 luero.

258 1581 323 1642 GE.
349 1580 376 1642 O
399 1579 568 1654 Phaedria,
592 1576 833 1654 incredibilelst]
868 1582 1029 1657 quantum
1060 1595 1151 1637 erum
1175 1579 1252 1639 ante

341 1700 378 1742 eo
398 1679 567 1756 sapientia.

259 1780 418 1842 Meditata
444 1778 523 1838 mihi
549 1784 625 1838 sunt
652 1778 761 1838 omnia
787 1796 859 1838 mea
885 1777 1100 1852 incommoda,
1128 1797 1200 1838 erus
1226 1778 1252 1838 si

342 1878 484 1941 redierit:
913 1872 917 1883 ’

260 1979 478 2041 Molendumst
498 1977 531 2038 in
552 1977 699 2056 pistrino,
721 1976 955 2054 uapulandum,
975 1975 1144 2038 habendae
1166 1979 1253 2038 eorn-

342 2079 449 2156 redes,

260 2179 350 2257 Opus
375 2177 440 2240 ruri
474 2177 676 2239 faciundum:
713 2177 829 2238 horum
854 2176 898 2238 nil
924 2176 1100 2257 quiequam
1127 2177 1253 2239 aooidet

343 2279 450 2340 animo
471 2298 600 2339 nouom.
1207 2293 1253 2334 250

259 2378 426 2458 Quidquid
437 2383 566 2457 praeter
579 2396 669 2455 spem
683 2378 821 2453 eueniet,
836 2396 931 2453 omne
950 2377 981 2438 id
1001 2377 1167 2455 deputabo
1185 2396 1253 2439 esse

342 2480 376 2539 ln
396 2478 493 2538 luoro.

255 2547 322 2641 'Sed
342 2577 420 2656 quid
440 2597 545 2640 cessas
563 2578 726 2639 hominem
747 2578 835 2639 adire
853 2585 887 2640 et
906 2578 1024 2639 blande
1042 2577 1076 2638 in
1095 2576 1253 2673 principio

344 2676 492 2757 adloqui?
517 2678 688 2753 (Phaedria
707 2699 805 2739 comes
824 2679 982 2757 forword).

260 2776 526 2839 DE.Phaedriam
545 2778 607 2840 mei
624 2778 733 2839 fratris
750 2779 845 2841 uideo
863 2778 968 2839 fllium
985 2778 1030 2839 mi
1047 2777 1092 2839 ire
1109 2777 1251 2839 obuiam.

294 2978 356 3029 243.
381 2990 502 3043 peregre
526 2978 648 3042 rediens,
676 2979 734 3031 “re-
815 2980 877 3033 250.
894 2979 967 3034 ruri:
1010 2979 1101 3033 slaves
1151 2980 1254 3045 always

261 3061 374 3126 turning
391 3060 462 3112 from
480 3061 613 3115 abroad.''
781 3062 903 3123 dreaded
917 3069 947 3117 to
962 3062 997 3116 be
1011 3068 1074 3115 sent
1089 3069 1119 3116 to
1135 3070 1254 3129 country

294 3144 356 3196 245.
385 3144 549 3197 eommunia
570 3158 635 3198 esse
660 3145 732 3199 haee
780 3153 894 3214 estates,
917 3145 1006 3199 where
1029 3145 1077 3199 the
1100 3146 1176 3199 work
1198 3164 1254 3199 was

261 3226 383 3293 depende
403 3243 478 3293 upon
499 3229 589 3293 coortat
613 3230 734 3294 (243).-
781 3231 894 3285 heavier
927 3230 984 3284 and
1018 3228 1067 3283 the
1102 3235 1254 3283 treatment

259 3313 294 3362 ut
311 3323 427 3364 ne=ne.
781 3312 981 3371 harenas-nil
1005 3313 1167 3378 qlfioquam,
1187 3314 1255 3365 “not

295 3393 357 3445 246.
370 3392 509 3459 deputare
523 3395 645 3463 depende
657 3413 733 3465 upon
780 3401 865 3467 any.”
991 3388 999 3394 l

146 3518 148 3523 ·
261 3471 367 3542 ⁰l'07l0l·
815 3484 877 3537 251.
900 3484 944 3535 He
965 3480 1126 3548 moekingly
1147 3487 1256 3547 repeats
1334 3552 1342 3566 .

295 3560 356 3612 24⁷.
369 3565 510 3626 quantum
522 3564 734 3627 anteeo,“how
781 3566 829 3619 the
857 3568 1007 3620 substance
1035 3564 1066 3616 ol
1093 3563 1256 3630 Demipho’s

261 3642 330 3693 lari
344 3647 484 3709 surpass.”
781 3650 870 3702 words
890 3650 975 3715 (246).

294 3727 355 3778 248.
364 3726 552 3810 incommode,
565 3732 733 3786 “troubles”
