2959 4400
265 453 305 513 26
689 469 839 512 cunnum
874 441 877 445 ’
1053 457 1115 510 Aer
1128 457 1168 521 ΙΙ,
1183 457 1260 512 Sc.2

264 641 338 702 AN.
366 641 438 704 Non
464 637 536 703 eum
561 642 648 721 apud
672 662 732 704 me.
778 642 843 704 GN.
869 643 971 724 Atqui
995 645 1076 722 opus
1100 649 1149 705 est
1172 663 1260 705 nune

347 762 446 823 quom
466 744 619 804 mtxume
638 747 675 804 ut
697 743 750 817 sis,
771 724 931 821 Antipho;

266 841 350 903 Ndm
389 843 415 903 si
453 844 587 904 senserit
625 849 659 904 te
697 841 849 904 timidum
887 845 981 921 peter
1017 862 1096 919 esse.
1123 843 1261 906 arbitre-

347 941 435 1004 bitur
1214 961 1259 1002 205

265 1042 498 1104 Cdmmeruisse
518 1043 655 1121 culpam.
701 1042 773 1103 PH.
795 1043 866 1102 Hoc
886 1049 1041 1104 uerumst.
1087 1042 1163 1105 AN.
1185 1043 1257 1106 Non

348 1161 479 1220 possum
499 1143 698 1204 inmutdrier.

265 1241 330 1303 Gn.
345 1243 430 1318 Quid
444 1243 574 1318 faceres
588 1243 614 1302 si
628 1242 715 1303 aliud
728 1242 807 1320 quid
821 1242 950 1319 grauius
962 1242 1024 1304 tibi
1035 1262 1122 1304 nunc
1136 1243 1259 1305 faciun-

348 1341 426 1402 dum
443 1342 545 1402 foret?

264 1441 338 1501 AN.
358 1441 464 1516 Quom
480 1441 541 1502 hoo
557 1461 621 1502 non
640 1460 782 1520 possum,
793 1441 871 1502 illud
888 1441 996 1503 minus
1007 1462 1145 1520 possem.
1190 1443 1256 1506 GE.

348 1540 419 1602 Hoc
436 1541 515 1603 nihil
534 1547 593 1617 est,
616 1540 789 1603 Phaedria:
810 1541 906 1602 ilicet.

264 1639 349 1717 Quid
387 1640 438 1702 hio
477 1642 673 1703 conterimus
710 1642 843 1720 operam
880 1641 1020 1704 frustra?
1041 1645 1118 1723 quin
1143 1643 1258 1706 ebeo?

347 1741 419 1802 PH.
443 1743 486 1803 Et
500 1742 630 1822 quidem
642 1744 720 1821 ego?
743 1741 842 1819 (They
860 1749 933 1803 torn
950 1749 979 1802 to
996 1743 1080 1804 leave
1097 1743 1145 1806 the
1158 1744 1253 1822 stoue)

283 1881 284 1884 =
346 1840 422 1902 AN.
445 1824 594 1917 Obsecro,
1175 1909 1178 1912 ,

264 1939 349 2017 Quid
362 1941 389 2002 si
400 1942 578 2003 adsimulo?
593 1941 769 2018 (cesurnico
779 1961 799 2001 a
810 1942 878 2002 bold
889 1943 1080 2020 expression)
1095 1943 1258 2006 sctinest?

346 2040 411 2101 GN.
432 2041 571 2116 (without
585 2042 710 2127 lookinq
723 2048 755 2101 ut
770 2041 848 2114 him)
867 2041 984 2102 Garris.
1029 2040 1105 2102 AN.
1123 2043 1256 2104 letum

347 2141 625 2221 contemplemini:
648 2160 709 2216 em,
1210 2157 1256 2199 210

263 2240 375 2303 Setino
391 2241 435 2302 sio
452 2244 520 2303 est?
563 2241 628 2302 GN.
650 2241 787 2317 (lookinq
802 2247 834 2301 ut
849 2241 928 2314 him)
949 2240 1032 2301 Non.
1077 2240 1151 2336 AN.
1170 2240 1255 2317 Quid
1370 2224 1372 2228 ⁵

345 2340 371 2401 si
393 2342 457 2402 sic?
501 2340 566 2402 GN.
588 2339 837 2418 Prdpemodum.
881 2338 947 2399 AN
952 2388 957 2399 .
979 2340 1064 2415 Quid
1082 2342 1146 2402 sic?
1188 2340 1254 2403 GN.
1320 2335 1323 2338 ’

346 2442 404 2503 Sat
425 2446 488 2503 est:

296 2692 358 2743 204.
390 2689 469 2756 apud
497 2705 554 2754 me,
589 2691 734 2757 “myself.''
816 2691 878 2743 208.
899 2702 1025 2756 possem,
1047 2690 1090 2741 for
1110 2697 1197 2755 tense,
1219 2692 1254 2745 ci.

263 2788 371 2827 —nunc
392 2788 479 2839 quom
496 2788 642 2838 maxume,
656 2775 735 2825 “now
781 2776 886 2840 jaceres
899 2773 1088 2841 (207)-ilicet
1098 2776 1168 2827 =ire
1187 2776 1254 2838 licet,

262 2858 437 2924 especially.''
481 2857 522 2911 Cf.
562 2865 618 2910 tum
657 2874 735 2924 quom
784 2857 840 2910 “let
867 2874 901 2909 us
929 2858 993 2923 go,”
1015 2857 1066 2921 lit,
1098 2858 1167 2910 “one
1188 2870 1253 2924 may

263 2958 393 3005 maxume,
417 2940 503 2993 “then
522 2940 699 3007 especially.”
781 2942 845 3006 g0.''
914 2939 972 2992 The
1008 2942 1166 3006 expression
1199 2959 1255 2993 was

295 3024 356 3075 206.
372 3024 540 3077 inmutarier
556 3046 585 3066 =
603 3025 735 3077 inmutari
782 3023 928 3090 originally
952 3024 1021 3075 used
1041 3024 1071 3075 in
1098 3024 1255 3091 dismissing
1337 3058 1340 3064 -

261 3107 399 3171 reflexive,
412 3107 534 3173 “change
545 3123 594 3174 my
604 3108 733 3160 nature.'’
781 3125 817 3159 an
835 3107 982 3173 assembly.

295 3190 356 3243 207.
378 3190 436 3242 The
457 3191 601 3257 imperfect
621 3191 645 3242 is
665 3189 733 3242 used
814 3192 876 3242 209.
909 3190 1138 3257 quin=qui÷ne,
1173 3189 1253 3257 “why

262 3273 377 3325 because
415 3273 462 3326 the
499 3275 673 3341 supposition
710 3275 732 3325 is
780 3275 865 3325 not?'’

261 3361 391 3423 contrary
432 3363 462 3409 to
494 3358 731 3421 fact—grauius,
772 3394 775 3397 <
814 3358 876 3409 210.
911 3357 1173 3410 setineet=scticne
1208 3364 1253 3410 eet.
1328 3420 1330 3423 ¹

262 3440 355 3491 “more
375 3440 588 3507 disagreeable.''
780 3441 873 3492 Masks
884 3458 953 3493 were
963 3446 1014 3493 not
1026 3457 1101 3491 worn
1112 3440 1151 3506 by
1161 3446 1253 3493 actore

200 3582 202 3586 ,
294 3523 355 3575 208.
367 3536 462 3587 quom,
473 3525 592 3577 “since”
605 3524 676 3577 Note
685 3524 732 3576 the
779 3525 807 3575 in
854 3524 996 3575 Terence's
1048 3523 1125 3577 time.
1142 3551 1179 3560 -
1196 3535 1252 3588 em,

260 3622 307 3657 use
340 3606 369 3657 oi
401 3606 448 3659 the
480 3608 631 3660 indicative
664 3607 732 3659 with
781 3606 907 3659 ‘therei’

260 3688 352 3741 oausal
369 3690 490 3755 quentin
507 3691 633 3743 Terence.
