2959 4400
165 476 166 479 Ἴ
190 514 251 567 Acr
265 512 313 579 IV,
330 515 375 567 Sc.
391 516 417 581 2]
614 528 768 573 ruonnro
1149 514 1189 574 59

192 700 286 778 Quod
306 702 333 763 si
353 702 401 777 fit,
422 708 460 765 ut
481 722 533 764 me
552 704 716 765 excutiam
737 709 838 784 atque
857 704 1002 782 egredier
1021 705 1129 780 domo,

192 801 231 863 Id
252 803 354 863 restat
360 821 368 877 ;
389 823 465 864 narn
485 823 544 881 ego
564 804 710 865 merirum
730 804 817 865 solus
836 806 908 864 siim
929 824 1029 865 meus,

193 902 262 963 DE.
287 902 359 964 Soio
380 902 427 964 ita
448 905 529 979 esse;
549 908 583 965 et
603 904 703 965 istaec
724 904 804 965 mihi
824 924 873 966 res
894 904 1144 981 sollicitudinist‚

193 1000 307 1081 Neque
326 1002 499 1064 defetiscar
518 1005 620 1084 risque
641 1004 721 1066 adeo
741 1004 923 1082 experirier,

193 1102 303 1164 Donec
323 1102 384 1165 tibi
404 1102 436 1164 id
456 1103 544 1182 quod
564 1103 727 1185 pellicitus
747 1123 820 1165 sum
840 1104 984 1166 effecero.
1140 1121 1188 1163 eoo

614 1408 727 1484 Scnnn
749 1410 769 1467 2

380 1591 451 1643 Geta
467 1591 570 1656 pruinas
587 1590 634 1643 the
652 1590 804 1643 olevemess
820 1591 849 1641 oi
866 1591 1004 1646 Phormio.

264 1672 357 1738 [Enler
371 1674 443 1737 Geta,
460 1689 487 1726 n.
524 1674 552 1725 H
554 1690 567 1725 e
581 1675 642 1725 does
657 1679 702 1725 not
716 1691 757 1725 see
771 1674 813 1725 the
828 1674 871 1726 old
885 1692 945 1727 men
960 1676 1001 1727 till
1016 1692 1044 1727 v.
1057 1675 1128 1741 600]

360 1859 446 1901 GETA
578 1860 731 1903 DEMIPHO
860 1862 1020 1905 CHREMES

193 1957 258 2019 Gn.
301 1958 342 2033 (to
386 1958 521 2036 himself)
570 1960 638 2037 Ego
682 1959 845 2020 hominem
865 1981 873 1985 ·
891 1959 1085 2022 callidierem
1121 1962 1189 2023 uidi

277 2057 437 2119 neminem
945 2130 952 2145 ο

193 2158 300 2234 Quam
324 2158 561 2220 Phermionem.
606 2160 701 2222 uenio
725 2158 767 2222 ad
790 2160 963 2236 hominem,
987 2166 1025 2222 ut
1049 2160 1186 2223 dicerem

193 2259 374 2337 Argentum
394 2278 476 2337 opus
495 2279 564 2322 esse
583 2266 617 2322 et
637 2260 669 2321 id
690 2280 758 2340 quo
778 2267 875 2339 pacto
895 2262 1003 2323 fieret

192 2358 354 2420 Vixdum
374 2355 544 2421 dimidium
565 2360 722 2436 dixeram,
743 2359 959 2423 intellexerat:

193 2459 378 2536 Gaudebat,
400 2479 451 2522 me
471 2459 638 2536 laudebat‚
659 2461 837 2541 quaerebat
857 2481 977 2523 senem.
1142 2478 1190 2521 aas

194 2559 251 2620 Dis
273 2559 395 2638 gretias
415 2559 543 2638 agebat,
563 2566 695 2639 tempus
714 2561 775 2623 sibi
794 2560 874 2637 dari,

193 2658 256 2720 Vbi
277 2659 455 2721 Phaedriae
474 2678 543 2721 esse
563 2661 748 2722 ostenderet
767 2660 868 2723 nihile
887 2661 994 2723 minus

194 2760 343 2821 Amicum
362 2778 430 2820 sese
448 2779 548 2839 quam
566 2741 756 2839 Antiphoni.
792 2761 955 2823 hominem
975 2763 1016 2824 ed
1035 2763 1141 2824 lorum

195 2859 277 2921 Iussi
298 2859 450 2938 epperiri:
488 2879 527 2922 eo
547 2863 685 2922 maesse
705 2861 925 2923 adducturum
945 2881 1064 2924 senem.
1163 2923 1169 2932 ,

194 2959 255 3022 Sed
274 2978 385 3021 eccum
402 2961 519 3038 ipsum.
554 2961 626 3041 quis
643 2965 693 3023 est
709 2961 864 3049 ulterior?
896 2967 993 3037 attat,
1013 2961 1191 3024 Phaedriae

193 3106 332 3115 ..—

227 3178 289 3230 586.
322 3190 370 3229 mo
403 3177 557 3242 excudam,
590 3178 620 3230 ol
652 3195 669 3231 a
716 3179 917 3260 igapredicate
926 3195 1011 3234 noun.
1040 3181 1075 3234 ol.
1095 3182 1193 3233 557.—

90 3309 94 3318 ,
194 3259 283 3328 hasty·
301 3260 459 3326 departure,
485 3261 651 3328 “deeamp.”
715 3261 810 3315 lieret.

227 3345 289 3396 587.
314 3343 353 3406 id,
367 3345 385 3397 i.
403 3362 438 3409 e,
454 3350 485 3409 ut
506 3361 556 3409 me,
578 3350 670 3398 etn-
751 3347 813 3399 595.
845 3345 1011 3410 quaerebat,
1045 3347 1190 3414 “inquired

191 3440 331 3490 meorum,
352 3428 398 3479 “ol
414 3444 463 3494 my
480 3427 668 3494 belonginga”
715 3430 817 3482 after.’'

192 3523 320 3572 -meus,
340 3511 407 3576 “my
423 3511 514 3564 own.’'
749 3513 812 3564 590.
827 3512 982 3576 hominem,
1000 3513 1138 3568 Phormio.

227 3594 289 3646 589.
300 3594 455 3658 experirier
467 3617 495 3637 =
508 3595 632 3662 experiri.
750 3597 813 3648 600.
829 3608 928 3649 eorum
942 3597 1052 3661 ipsum:
1066 3616 1111 3651 see
1126 3605 1192 3651 note

227 3677 288 3729 ⁶9³.
316 3682 469 3742 argentum
494 3691 567 3743 opus
593 3692 667 3742 esse,
715 3697 751 3731 on
798 3680 1021 3744 det—ulterior,
1069 3681 1190 3734 “behind

195 3761 314 3830 “money
337 3779 392 3814 was
424 3762 558 3818 needed.'’
600 3779 669 3828 opus
719 3763 951 3829 (him).'’—attat,
978 3765 1104 3818 “whom”
