2959 4400
245 468 286 529 70
664 479 813 522 rnnnnrr
1010 469 1082 535 [Aci
1095 469 1145 534 lv,
1159 470 1206 523 Sc.
1219 474 1237 523 6

245 655 351 717 Hasce
372 656 449 729 esse,
471 659 509 715 ut
530 651 563 714 id
585 652 793 730 constlercm,
816 652 938 714 interea
958 652 1029 714 riita
1048 659 1086 715 ut
1107 640 1237 716 intuto

327 755 419 815 foret.

243 855 314 918 CH.
345 854 457 929 (asido)
484 854 578 917 Certe
602 852 726 931 edepol,
753 852 814 914 nisi
840 872 891 914 me
917 853 1044 915 sinimus
1068 853 1151 915 fallit
1177 856 1235 916 att

326 973 442 1034 parum
461 953 663 1033 prospiciunt
683 952 776 1028 oculi,
1190 970 1235 1014 7³5

244 1055 334 1117 Meae
356 1054 515 1116 nutricem
536 1055 655 1132 gnttae
675 1051 781 1114 uideo.
824 1054 884 1115 SO.
912 1056 953 1129 (to
976 1054 1097 1134 herself)
1122 1054 1235 1135 Neque

326 1155 377 1218 ille
396 1153 620 1233 inuestigttur,
641 1152 711 1215 CH.
736 1154 848 1229 (eride)
871 1154 956 1230 Quid
977 1157 1056 1232 ago?

242 1256 304 1318 SO.
328 1254 391 1332 Qui
415 1257 464 1317 est
487 1254 556 1316 cius
579 1259 681 1334 pater.
730 1252 801 1315 CH.
830 1254 942 1330 (actile)
969 1236 1069 1331 tideo,
1095 1275 1221 1330 maneo,

326 1355 405 1417 dum
429 1355 508 1417 haec
533 1362 617 1435 quae
640 1354 785 1435 loquitur
809 1354 911 1433 maigis
935 1358 1110 1433 cognosco?

242 1456 303 1518 So.
334 1456 376 1531 (to
402 1454 524 1534 herself)
553 1454 647 1532 Quod
673 1454 700 1515 si
726 1474 802 1517 eum
828 1474 914 1516 nunc
939 1457 1076 1534 reperire
1101 1456 1233 1533 possim,

325 1555 403 1617 nihil
425 1561 474 1617 est
496 1555 583 1635 quod
604 1556 725 1617 ueretr.
769 1554 839 1617 CH.
863 1557 944 1617 East
964 1554 1047 1633 ipsa:

241 1656 433 1736 Conloquar.
483 1655 543 1718 So.
569 1655 649 1731 Quis
673 1655 724 1716 hic
749 1654 911 1735 loquitur?
957 1654 1027 1717 CH.
1053 1657 1232 1734 Sophrona.

324 1755 386 1818 SO.
411 1740 454 1817 Et
475 1775 583 1817 mcum
603 1774 721 1816 nomen
741 1756 908 1817 nominat?
1238 1785 1242 1791 ·

241 1855 311 1917 CH.
336 1856 472 1933 Respice
496 1855 537 1917 ad
561 1874 621 1916 me.
668 1856 729 1917 SO.
755 1856 797 1916 Di
820 1854 951 1917 obsecro
974 1874 1043 1932 uos,
1068 1859 1159 1919 estne
1182 1856 1233 1918 hic

324 1955 448 2034 Stilpo?
486 1955 556 2017 CH.
578 1954 661 2017 Non.
701 1956 763 2018 So.
786 1955 910 2034 Negas?
1092 2001 1095 2007 .
1188 1974 1234 2015 740

241 2054 311 2116 CH.
335 2055 481 2118 Concede
506 2055 579 2116 hinc
604 2076 623 2117 a
646 2054 770 2116 {tribus
793 2055 927 2133 paulum
951 2056 1103 2117 istorsum
1128 2056 1231 2134 sodes,

233 2211 237 2214 .
324 2155 501 2234 Sophrona.

242 2255 290 2318 Ne
313 2275 364 2318 me
386 2258 467 2317 istoc
490 2257 626 2336 posthac
649 2256 779 2318 nomine
801 2256 998 2334 appelltssis.
1043 2258 1103 2320 SO.
1128 2259 1233 2335 Quid?

323 2376 399 2432 non,
420 2356 563 2433 obsecro,
582 2376 616 2418 es

240 2456 344 2532 Quem
364 2458 491 2535 semper
510 2461 544 2518 te
564 2476 632 2518 csse
652 2456 832 2518 dictitasti?
871 2457 941 2517 CH.
963 2457 1022 2519 St'.
1063 2459 1124 2522 SO.
1146 2459 1232 2535 Quid

323 2557 381 2618 has
406 2557 523 2618 metuis
546 2556 648 2618 fores?

240 2656 310 2718 CH.
334 2655 525 2718 Concliisam
552 2656 603 2717 hic
630 2656 734 2719 habeo
761 2658 896 2718 uxorem
922 2676 1064 2719 saeuam.
1118 2660 1247 2722 uerum¹

322 2756 402 2818 istoc
424 2775 474 2818 me
494 2755 623 2818 nomine

274 3025 334 3077 ⁷³4.
348 3029 383 3077 ut
395 3024 426 3077 id
439 3024 627 3078 consulerem:
656 3025 711 3077 this
797 3027 857 3079 741.
875 3026 950 3090 hinc,
975 3027 1047 3080 from
1071 3028 1114 3082 his
1138 3031 1233 3097 house,

240 3105 329 3159 clause
348 3097 427 3160 takes
445 3125 482 3174 up
500 3107 547 3160 the
564 3109 711 3175 preceding
761 3127 828 3161 near
841 3109 929 3163 which
941 3109 976 3164 he
989 3129 1045 3164 was
1057 3113 1234 3182 standing.-

239 3191 307 3254 quod
324 3196 352 3241 ut
368 3191 488 3255 lacem,
505 3191 561 3243 end
578 3191 632 3244 like
649 3193 671 3245 it
688 3193 711 3244 is
760 3193 905 3257 intumum,
924 3194 974 3247 “in
990 3195 1054 3248 that
1070 3197 1233 3263 direction‚''

239 3272 397 3352 dependent
421 3290 497 3340 upon
523 3275 712 3341 inpulit-in·
761 3277 815 3341 i.e.,
829 3283 893 3344 past
908 3278 1233 3347 Demipho'shouse,out

238 3359 318 3409 torsa
338 3356 403 3410 uita
421 3360 464 3420 ut,
486 3363 549 3422 etc,
572 3359 661 3412 clause
682 3361 712 3411 ol
760 3359 790 3411 ol
805 3360 893 3414 which
906 3361 954 3416 she
968 3361 1025 3416 had
1038 3364 1097 3431 just
1110 3383 1234 3421 come.-

238 3454 366 3505 purpose.
761 3443 847 3498 sodes
862 3454 1052 3501 :seenoteon
1068 3451 1127 3505 103.
1164 3489 1169 3499 .

256 3523 334 3576 ⁴7³7.
370 3523 451 3586 odeo,
488 3524 579 3577 “shall
613 3526 627 3576 I
661 3543 711 3593 ap·
796 3529 856 3580 742.
884 3530 1061 3596 appellum,
1088 3533 1135 3586 old
1161 3535 1233 3586 form

239 3605 380 3668 prosoh?”
393 3613 504 3671 present
518 3608 560 3659 lor
572 3609 673 3663 future.
760 3610 789 3662 of
805 3610 853 3664 the
870 3613 975 3679 perfect
991 3615 1178 3684 subjunctive.

274 3688 335 3742 7³9.
349 3687 403 3754 hie,
419 3689 532 3746 adverb.
