2959 4400
212 512 272 563 Aer
287 508 319 574 V,
335 510 380 564 Sc.
397 510 422 575 6]
628 520 783 563 erronum
1166 503 1207 562 83

212 695 261 755 Tu
286 712 416 773 quoque
441 693 564 767 aderas,
591 692 763 753 Phormio?
808 692 880 753 PH.
908 692 1063 768 Aderam;
1088 691 1144 753 sed
1169 697 1207 753 tu

296 795 419 853 cessas?
462 792 526 853 GE.
552 774 679 869 riccipe,
701 811 766 852 cm:

212 878 259 955 Ut
285 893 381 954 modo
408 893 578 970 argentum
603 891 664 953 tibi
689 892 839 952 dedimus
864 892 951 969 tpud
976 892 1093 968 forum,
1119 893 1208 953 recti

295 993 429 1054 domum

213 1096 332 1157 Simus
354 1092 506 1172 proiecti;
529 1092 652 1153 interea
676 1092 780 1153 mittit
804 1094 885 1153 erus'
900 1112 951 1153 me
974 1092 1016 1153 ad
1039 1096 1173 1154 uxorem

296 1199 398 1254 tuam.
1163 1209 1210 1251 seo

212 1294 287 1356 AN.
312 1293 583 1369 Quamobrem?
622 1293 687 1355 GE.
708 1293 835 1356 Omitto
853 1293 1015 1373 proloqui,
1034 1313 1110 1353 nam
1129 1294 1208 1355 nihil

296 1394 337 1455 ud
358 1394 441 1457 hanc
462 1413 528 1453 rem
549 1400 608 1469 est,
631 1376 786 1471 dntipho.

213 1480 278 1556 Ubi
303 1494 336 1555 in
362 1513 560 1572 gynaeceum
585 1495 630 1555 ire
656 1493 789 1571 occipi0,
815 1495 895 1572 puer
920 1494 962 1555 ad
988 1514 1039 1555 me
1065 1494 1209 1557 adcurrit

297 1594 395 1669 Mida,
471 1624 481 1653 .*

214 1696 302 1756 Pone
326 1695 455 1773 prendit
479 1693 586 1773 pallio,
611 1696 792 1772 resupinat:
816 1695 960 1772 respicio,
985 1716 1062 1773 rogo

214 1795 320 1871 Quam
342 1794 384 1855 ob
405 1814 472 1855 rem
493 1795 632 1855 retineat
654 1813 718 1870 me,
740 1794 786 1855 ait
807 1814 876 1855 esse
897 1796 1037 1855 uetitum
1058 1795 1145 1856 intro
1166 1795 1208 1857 ad

296 1915 384 1956 eram
406 1894 564 1956 accedere.

215 1995 395 2074 ‘Sophrona
413 1995 510 2056 modo
529 1995 662 2057 fratrem
682 1994 759 2055 hue'
780 1994 886 2074 inquit
906 1995 1007 2056 ‘senis
1024 1996 1208 2057 introduxit

296 2096 494 2170 Chremem';
1163 2112 1208 2153 ses

215 2198 364 2277 Eumque
379 2216 464 2257 nunc
480 2215 548 2257 esse
562 2196 652 2258 intus
667 2216 740 2257 cum
756 2195 826 2258 illis.
864 2196 924 2258 hoc
939 2195 996 2257 ubi
1011 2217 1070 2274 ego
1085 2198 1206 2272 audiui,

297 2297 442 2358 adfores

214 2398 376 2476 Suspenso
402 2398 504 2475 gradu
529 2396 654 2476 placide
679 2397 723 2458 ire
748 2398 883 2476 perrexi,
910 2398 1037 2471 accessi,
1065 2398 1164 2473 istiti,

215 2479 366 2558 rinimam
386 2497 569 2576 compressi,
591 2499 701 2558 aurem
721 2497 866 2573 admoui;
886 2497 934 2558 ita
953 2498 1097 2558 animum
1117 2498 1208 2576 coepi

297 2597 475 2674 attendere,

214 2697 285 2758 Hoc
309 2697 405 2758 modo
427 2699 607 2759 sermonem
630 2703 776 2775 captans.
821 2697 893 2759 PH.
919 2699 979 2774 Eu,
1003 2699 1100 2760 Geta!
1140 2699 1205 2759 GE.

298 2797 359 2858 Hic
380 2796 642 2876 pulcherrumum
1161 2815 1209 2856 ses
1278 2805 1283 2812 ’

214 2897 352 2959 Facinus
369 2897 480 2959 audiui
485 2917 493 2973 ;
509 2899 622 2978 itaque
638 2915 740 2976 paene
757 2896 862 2959 hercle
879 2898 1059 2960 dxclameui
1076 2900 1205 2976 gaudio.

248 3168 310 3220 882.
321 3180 509 3232 gynaeceum,
523 3167 591 3219 “the
604 3184 687 3219 wom-
768 3168 830 3219 888.
847 3166 973 3219 animam
988 3168 1151 3233 compressi,
1171 3170 1206 3220 “I

214 3252 272 3302 en's
303 3235 505 3317 apanments,’'’
538 3249 627 3303 which
657 3252 685 3303 in
734 3250 797 3302 held
811 3267 860 3317 my
873 3250 1001 3304 broath.’'

214 3333 315 3385 Greeoe
339 3350 408 3385 were
431 3350 449 3385 a
472 3340 598 3400 separate
621 3340 686 3400 part
768 3335 830 3386 889.
847 3332 902 3386 hoe
934 3334 1030 3397 modo,
1067 3335 1116 3387 “in
1151 3336 1207 3389 this

213 3415 243 3467 oi
255 3416 304 3469 the
318 3416 411 3471 house.
734 3418 823 3483 way,'’
845 3418 939 3483 giving
959 3434 995 3469 an
1016 3419 1156 3470 imitation
1177 3421 1207 3471 oi

161 3525 164 3531 ·
248 3501 310 3552 883.
338 3513 423 3565 pone,
454 3500 686 3554 “behind”—re-
733 3501 780 3552 the
800 3502 892 3552 action
913 3500 946 3552 he
967 3519 1022 3552 uras
1042 3501 1205 3567 deseribing.

213 3584 339 3648 supinat,
357 3584 450 3649 “pulls
468 3584 535 3648 (me)
550 3584 650 3638 back.'’
767 3585 828 3636 870.
846 3583 967 3647 facinus,
989 3584 1118 3650 “thing’'
1137 3587 1205 3639 used

247 3668 308 3719 887.
328 3679 469 3731 suspenso
496 3666 596 3732 gradu,
628 3669 685 3719 “on
732 3667 878 3731 inogood
891 3684 978 3722 sense.

214 3751 343 3815 tip-t0c.’'
