<?xml version="1.0" encoding="UTF-8"?>
<!DOCTYPE html PUBLIC "-//W3C//DTD XHTML 1.0 Transitional//EN"
    "http://www.w3.org/TR/xhtml1/DTD/xhtml1-transitional.dtd">
<html xmlns="http://www.w3.org/1999/xhtml" xml:lang="en" lang="en">
 <head>
  <title>
</title>
<meta http-equiv="Content-Type" content="text/html;charset=utf-8" />
  <meta name='ocr-system' content='tesseract 3.04.00' />
  <meta name='ocr-capabilities' content='ocr_page ocr_carea ocr_par ocr_line ocrx_word'/>
</head>
<body>
  <div class='ocr_page' id='page_1' title='image "./phormioterence00laingoog_0056.png"; bbox 0 0 2959 4400; ppageno 0'>
   <div class='ocr_carea' id='block_1_1' title="bbox 245 455 1241 524">
    <p class='ocr_par' dir='ltr' id='par_1_1' title="bbox 245 455 1241 524">
     <span class='ocr_line' id='line_1_1' title="bbox 245 455 1241 524; baseline -0.004 -9"><span class='ocrx_word' id='word_1_1' title='bbox 245 455 286 515; x_wconf 88' lang='lat'>32</span> <span class='ocrx_word' id='word_1_2' title='bbox 667 469 816 514; x_wconf 77' lang='lat' dir='ltr'>nanuum</span> <span class='ocrx_word' id='word_1_3' title='bbox 1022 457 1094 524; x_wconf 76' lang='lat' dir='ltr'>[Aer</span> <span class='ocrx_word' id='word_1_4' title='bbox 1109 458 1147 521; x_wconf 92' lang='grc' dir='ltr'>ΙΙ,</span> <span class='ocrx_word' id='word_1_5' title='bbox 1164 458 1208 512; x_wconf 85' lang='lat' dir='ltr'>Sc.</span> <span class='ocrx_word' id='word_1_6' title='bbox 1224 459 1241 510; x_wconf 92' lang='lat'><strong>3</strong></span> 
     </span>
    </p>
   </div>
   <div class='ocr_carea' id='block_1_2' title="bbox 242 640 1239 2204">
    <p class='ocr_par' dir='ltr' id='par_1_2' title="bbox 245 640 1239 805">
     <span class='ocr_line' id='line_1_2' title="bbox 245 640 1239 721; baseline -0.003 -15"><span class='ocrx_word' id='word_1_7' title='bbox 245 643 310 706; x_wconf 79' lang='lat' dir='ltr'>Gli.</span> <span class='ocrx_word' id='word_1_8' title='bbox 338 643 449 719; x_wconf 82' lang='lat' dir='ltr'>(oside)</span> <span class='ocrx_word' id='word_1_9' title='bbox 484 642 589 704; x_wconf 88' lang='lat' dir='ltr'>Probe</span> <span class='ocrx_word' id='word_1_10' title='bbox 618 642 734 704; x_wconf 81' lang='lat' dir='ltr'>horum</span> <span class='ocrx_word' id='word_1_11' title='bbox 765 640 855 704; x_wconf 88' lang='lat' dir='ltr'>facta</span> <span class='ocrx_word' id='word_1_12' title='bbox 885 642 1061 721; x_wconf 82' lang='lat' dir='ltr'>inprudens</span> <span class='ocrx_word' id='word_1_13' title='bbox 1091 642 1239 720; x_wconf 75' lang='lat' dir='ltr'>depinxit</span> 
     </span>
     <span class='ocr_line' id='line_1_3' title="bbox 328 763 435 805; baseline 0.009 -1"><span class='ocrx_word' id='word_1_14' title='bbox 328 763 435 805; x_wconf 86' lang='lat' dir='ltr'>senex.</span> 
     </span>
    </p>

    <p class='ocr_par' dir='ltr' id='par_1_3' title="bbox 245 841 1237 1004">
     <span class='ocr_line' id='line_1_4' title="bbox 245 841 1237 917; baseline -0.002 -13"><span class='ocrx_word' id='word_1_15' title='bbox 245 844 315 904; x_wconf 79' lang='lat' dir='ltr'>DE.</span> <span class='ocrx_word' id='word_1_16' title='bbox 340 843 424 904; x_wconf 83' lang='lat' dir='ltr'>Nam</span> <span class='ocrx_word' id='word_1_17' title='bbox 451 842 484 904; x_wconf 90' lang='lat' dir='ltr'>ni</span> <span class='ocrx_word' id='word_1_18' title='bbox 509 841 588 905; x_wconf 77' lang='lat' dir='ltr'>haec</span> <span class='ocrx_word' id='word_1_19' title='bbox 613 841 661 904; x_wconf 91' lang='lat' dir='ltr'>ita</span> <span class='ocrx_word' id='word_1_20' title='bbox 686 847 804 916; x_wconf 79' lang='lat' dir='ltr'>essent,</span> <span class='ocrx_word' id='word_1_21' title='bbox 832 860 905 902; x_wconf 91' lang='lat' dir='ltr'>cum</span> <span class='ocrx_word' id='word_1_22' title='bbox 931 841 985 903; x_wconf 86' lang='lat' dir='ltr'>illo</span> <span class='ocrx_word' id='word_1_23' title='bbox 1010 841 1098 903; x_wconf 90' lang='lat' dir='ltr'>haud</span> <span class='ocrx_word' id='word_1_24' title='bbox 1124 847 1237 917; x_wconf 88' lang='lat' dir='ltr'>stares,</span> 
     </span>
     <span class='ocr_line' id='line_1_5' title="bbox 329 942 497 1004; baseline 0 0"><span class='ocrx_word' id='word_1_25' title='bbox 329 942 497 1004; x_wconf 74' lang='lat' dir='ltr'>Phaedria.</span> 
     </span>
    </p>

    <p class='ocr_par' dir='ltr' id='par_1_4' title="bbox 245 1023 1237 1121">
     <span class='ocr_line' id='line_1_6' title="bbox 245 1023 1237 1121; baseline -0.002 -17"><span class='ocrx_word' id='word_1_26' title='bbox 245 1042 317 1104; x_wconf 88' lang='grc' dir='ltr'>ΡΗ.</span> <span class='ocrx_word' id='word_1_27' title='bbox 342 1041 380 1105; x_wconf 86' lang='lat' dir='ltr'>Si</span> <span class='ocrx_word' id='word_1_28' title='bbox 389 1049 448 1118; x_wconf 89' lang='lat' dir='ltr'>est,</span> <span class='ocrx_word' id='word_1_29' title='bbox 464 1043 591 1120; x_wconf 70' lang='lat' dir='ltr'>potrus,</span> <span class='ocrx_word' id='word_1_30' title='bbox 607 1040 737 1121; x_wconf 91' lang='lat' dir='ltr'>culpam</span> <span class='ocrx_word' id='word_1_31' title='bbox 751 1046 789 1103; x_wconf 93' lang='lat' dir='ltr'>ut</span> <span class='ocrx_word' id='word_1_32' title='bbox 804 1023 950 1119; x_wconf 63' lang='lat' dir='ltr'>Antipho</span> <span class='ocrx_word' id='word_1_33' title='bbox 964 1041 997 1102; x_wconf 93' lang='lat' dir='ltr'>in</span> <span class='ocrx_word' id='word_1_34' title='bbox 1011 1060 1045 1102; x_wconf 91' lang='lat' dir='ltr'>se</span> <span class='ocrx_word' id='word_1_35' title='bbox 1060 1041 1237 1116; x_wconf 81' lang='lat' dir='ltr'><strong>admiserit,</strong></span> 
     </span>
    </p>

    <p class='ocr_par' dir='ltr' id='par_1_5' title="bbox 246 1141 1238 1221">
     <span class='ocr_line' id='line_1_7' title="bbox 246 1141 1238 1221; baseline -0.007 -17"><span class='ocrx_word' id='word_1_36' title='bbox 246 1143 296 1204; x_wconf 80' lang='lat' dir='ltr'>Ex</span> <span class='ocrx_word' id='word_1_37' title='bbox 318 1145 383 1221; x_wconf 72' lang='lat' dir='ltr'>qui</span> <span class='ocrx_word' id='word_1_38' title='bbox 403 1162 437 1204; x_wconf 89' lang='lat' dir='ltr'>re</span> <span class='ocrx_word' id='word_1_39' title='bbox 457 1142 569 1202; x_wconf 88' lang='lat' dir='ltr'>minus</span> <span class='ocrx_word' id='word_1_40' title='bbox 585 1142 629 1203; x_wconf 91' lang='lat' dir='ltr'>rei</span> <span class='ocrx_word' id='word_1_41' title='bbox 650 1141 734 1203; x_wconf 80' lang='lat' dir='ltr'>foret</span> <span class='ocrx_word' id='word_1_42' title='bbox 755 1147 813 1203; x_wconf 88' lang='lat' dir='ltr'>aut</span> <span class='ocrx_word' id='word_1_43' title='bbox 834 1141 941 1202; x_wconf 89' lang='lat' dir='ltr'>famae</span> <span class='ocrx_word' id='word_1_44' title='bbox 961 1143 1157 1220; x_wconf 74' lang='lat' dir='ltr'>temperans,</span> <span class='ocrx_word' id='word_1_45' title='bbox 1193 1156 1238 1198; x_wconf 82' lang='lat'>271</span> 
     </span>
    </p>

    <p class='ocr_par' dir='ltr' id='par_1_6' title="bbox 245 1239 1140 1322">
     <span class='ocr_line' id='line_1_8' title="bbox 245 1239 1140 1322; baseline -0.002 -18"><span class='ocrx_word' id='word_1_46' title='bbox 245 1239 319 1304; x_wconf 91' lang='lat' dir='ltr'>Non</span> <span class='ocrx_word' id='word_1_47' title='bbox 345 1244 476 1304; x_wconf 84' lang='lat' dir='ltr'>oausam</span> <span class='ocrx_word' id='word_1_48' title='bbox 502 1240 574 1302; x_wconf 91' lang='lat' dir='ltr'>dico</span> <span class='ocrx_word' id='word_1_49' title='bbox 600 1242 679 1321; x_wconf 82' lang='lat' dir='ltr'>quin</span> <span class='ocrx_word' id='word_1_50' title='bbox 704 1240 792 1322; x_wconf 92' lang='lat' dir='ltr'>quod</span> <span class='ocrx_word' id='word_1_51' title='bbox 819 1240 953 1302; x_wconf 74' lang='lat' dir='ltr'>meritus</span> <span class='ocrx_word' id='word_1_52' title='bbox 978 1240 1020 1301; x_wconf 86' lang='lat' dir='ltr'>sit</span> <span class='ocrx_word' id='word_1_53' title='bbox 1047 1240 1140 1302; x_wconf 86' lang='lat' dir='ltr'>ferat.</span> 
     </span>
    </p>

    <p class='ocr_par' dir='ltr' id='par_1_7' title="bbox 245 1339 897 1422">
     <span class='ocr_line' id='line_1_9' title="bbox 245 1339 897 1422; baseline -0.008 -16"><span class='ocrx_word' id='word_1_54' title='bbox 245 1341 308 1406; x_wconf 85' lang='lat' dir='ltr'>Sed</span> <span class='ocrx_word' id='word_1_55' title='bbox 327 1343 354 1404; x_wconf 87' lang='lat' dir='ltr'>si</span> <span class='ocrx_word' id='word_1_56' title='bbox 374 1341 447 1422; x_wconf 92' lang='lat' dir='ltr'>quis</span> <span class='ocrx_word' id='word_1_57' title='bbox 466 1339 551 1403; x_wconf 88' lang='lat' dir='ltr'>forte</span> <span class='ocrx_word' id='word_1_58' title='bbox 571 1339 696 1403; x_wconf 74' lang='lat' dir='ltr'>militia</span> <span class='ocrx_word' id='word_1_59' title='bbox 716 1340 818 1402; x_wconf 80' lang='lat' dir='ltr'>fratris</span> <span class='ocrx_word' id='word_1_60' title='bbox 837 1359 897 1402; x_wconf 89' lang='lat' dir='ltr'>sua</span> 
     </span>
    </p>

    <p class='ocr_par' dir='ltr' id='par_1_8' title="bbox 245 1439 1130 1516">
     <span class='ocr_line' id='line_1_10' title="bbox 245 1439 1130 1516; baseline -0.003 -12"><span class='ocrx_word' id='word_1_61' title='bbox 245 1442 383 1504; x_wconf 80' lang='lat' dir='ltr'>Insidias</span> <span class='ocrx_word' id='word_1_62' title='bbox 403 1447 533 1503; x_wconf 89' lang='lat' dir='ltr'>nostrae</span> <span class='ocrx_word' id='word_1_63' title='bbox 552 1440 631 1502; x_wconf 77' lang='lat' dir='ltr'>fecit</span> <span class='ocrx_word' id='word_1_64' title='bbox 651 1439 889 1502; x_wconf 74' lang='lat' dir='ltr'>adulescentiae</span> <span class='ocrx_word' id='word_1_65' title='bbox 1127 1509 1130 1516; x_wconf 50' lang='grc'>,</span> 
     </span>
    </p>

    <p class='ocr_par' dir='ltr' id='par_1_9' title="bbox 245 1539 1239 1618">
     <span class='ocr_line' id='line_1_11' title="bbox 245 1539 1239 1618; baseline -0.004 -16"><span class='ocrx_word' id='word_1_66' title='bbox 245 1542 291 1604; x_wconf 90' lang='lat' dir='ltr'>Ac</span> <span class='ocrx_word' id='word_1_67' title='bbox 310 1541 400 1618; x_wconf 85' lang='lat' dir='ltr'>uicit,</span> <span class='ocrx_word' id='word_1_68' title='bbox 421 1547 556 1602; x_wconf 76' lang='lat' dir='ltr'>nostran</span> <span class='ocrx_word' id='word_1_69' title='bbox 577 1540 672 1618; x_wconf 82' lang='lat' dir='ltr'>culpa</span> <span class='ocrx_word' id='word_1_70' title='bbox 691 1546 762 1602; x_wconf 85' lang='lat' dir='ltr'>east</span> <span class='ocrx_word' id='word_1_71' title='bbox 782 1560 824 1602; x_wconf 89' lang='lat' dir='ltr'>an</span> <span class='ocrx_word' id='word_1_72' title='bbox 843 1539 997 1618; x_wconf 80' lang='lat' dir='ltr'>iudicum,</span> <span class='ocrx_word' id='word_1_73' title='bbox 1192 1555 1239 1598; x_wconf 83' lang='lat'>275</span> 
     </span>
    </p>

    <p class='ocr_par' dir='ltr' id='par_1_10' title="bbox 244 1639 1038 1721">
     <span class='ocr_line' id='line_1_12' title="bbox 244 1639 1038 1721; baseline -0.003 -17"><span class='ocrx_word' id='word_1_74' title='bbox 244 1641 308 1718; x_wconf 79' lang='lat' dir='ltr'>Qui</span> <span class='ocrx_word' id='word_1_75' title='bbox 327 1644 422 1720; x_wconf 78' lang='lat' dir='ltr'>saepe</span> <span class='ocrx_word' id='word_1_76' title='bbox 442 1646 576 1721; x_wconf 88' lang='lat' dir='ltr'>propter</span> <span class='ocrx_word' id='word_1_77' title='bbox 595 1639 752 1702; x_wconf 89' lang='lat' dir='ltr'>inuidiam</span> <span class='ocrx_word' id='word_1_78' title='bbox 773 1640 922 1703; x_wconf 90' lang='lat' dir='ltr'>adimunt</span> <span class='ocrx_word' id='word_1_79' title='bbox 942 1639 1038 1702; x_wconf 86' lang='lat' dir='ltr'>diuiti</span> 
     </span>
    </p>

    <p class='ocr_par' dir='ltr' id='par_1_11' title="bbox 244 1740 1056 1820">
     <span class='ocr_line' id='line_1_13' title="bbox 244 1740 1056 1820; baseline -0.001 -17"><span class='ocrx_word' id='word_1_80' title='bbox 244 1742 311 1803; x_wconf 91' lang='lat' dir='ltr'>Aut</span> <span class='ocrx_word' id='word_1_81' title='bbox 331 1743 464 1820; x_wconf 81' lang='lat' dir='ltr'>propter</span> <span class='ocrx_word' id='word_1_82' title='bbox 484 1740 735 1802; x_wconf 82' lang='lat' dir='ltr'>misericordiam</span> <span class='ocrx_word' id='word_1_83' title='bbox 756 1740 883 1802; x_wconf 87' lang='lat' dir='ltr'>addunt</span> <span class='ocrx_word' id='word_1_84' title='bbox 903 1740 1056 1819; x_wconf 79' lang='lat' dir='ltr'>pauperi?</span> 
     </span>
    </p>

    <p class='ocr_par' dir='ltr' id='par_1_12' title="bbox 243 1839 1236 1920">
     <span class='ocr_line' id='line_1_14' title="bbox 243 1839 1236 1920; baseline -0.003 -17"><span class='ocrx_word' id='word_1_85' title='bbox 243 1841 309 1904; x_wconf 80' lang='lat' dir='ltr'>GE.</span> <span class='ocrx_word' id='word_1_86' title='bbox 326 1841 437 1917; x_wconf 80' lang='lat' dir='ltr'>(aeide)</span> <span class='ocrx_word' id='word_1_87' title='bbox 450 1840 491 1902; x_wconf 94' lang='lat' dir='ltr'>Ni</span> <span class='ocrx_word' id='word_1_88' title='bbox 500 1843 627 1902; x_wconf 80' lang='lat' dir='ltr'>nossem</span> <span class='ocrx_word' id='word_1_89' title='bbox 636 1858 778 1915; x_wconf 87' lang='lat' dir='ltr'>causam,</span> <span class='ocrx_word' id='word_1_90' title='bbox 788 1840 949 1902; x_wconf 79' lang='lat' dir='ltr'>crederem</span> <span class='ocrx_word' id='word_1_91' title='bbox 957 1840 1129 1902; x_wconf 79' lang='lat' dir='ltr'>uerahr&#39;rnc</span> <span class='ocrx_word' id='word_1_92' title='bbox 1138 1839 1236 1920; x_wconf 90' lang='lat' dir='ltr'>loqui.</span> 
     </span>
    </p>

    <p class='ocr_par' dir='ltr' id='par_1_13' title="bbox 244 1939 1129 2021">
     <span class='ocr_line' id='line_1_15' title="bbox 244 1939 1129 2021; baseline -0.001 -19"><span class='ocrx_word' id='word_1_93' title='bbox 244 1940 313 2003; x_wconf 76' lang='grc' dir='ltr'>ΗΕ.</span> <span class='ocrx_word' id='word_1_94' title='bbox 339 1941 390 2002; x_wconf 86' lang='lat' dir='ltr'>An</span> <span class='ocrx_word' id='word_1_95' title='bbox 409 1942 583 2021; x_wconf 85' lang='lat' dir='ltr'>quisquam</span> <span class='ocrx_word' id='word_1_96' title='bbox 602 1940 701 2002; x_wconf 88' lang='lat' dir='ltr'>iudex</span> <span class='ocrx_word' id='word_1_97' title='bbox 720 1942 780 2016; x_wconf 73' lang='lat' dir='ltr'>est,</span> <span class='ocrx_word' id='word_1_98' title='bbox 801 1939 858 2019; x_wconf 93' lang='lat' dir='ltr'>qui</span> <span class='ocrx_word' id='word_1_99' title='bbox 877 1940 980 2020; x_wconf 91' lang='lat' dir='ltr'>possit</span> <span class='ocrx_word' id='word_1_100' title='bbox 999 1941 1129 2001; x_wconf 83' lang='lat' dir='ltr'>miscere</span> 
     </span>
    </p>

    <p class='ocr_par' dir='ltr' id='par_1_14' title="bbox 242 2039 1238 2118">
     <span class='ocr_line' id='line_1_16' title="bbox 242 2039 1238 2118; baseline -0.006 -16"><span class='ocrx_word' id='word_1_101' title='bbox 242 2041 314 2103; x_wconf 88' lang='lat' dir='ltr'>Tua</span> <span class='ocrx_word' id='word_1_102' title='bbox 333 2040 429 2116; x_wconf 78' lang='lat' dir='ltr'>iusta,</span> <span class='ocrx_word' id='word_1_103' title='bbox 449 2040 506 2101; x_wconf 91' lang='lat' dir='ltr'>ubi</span> <span class='ocrx_word' id='word_1_104' title='bbox 526 2044 598 2102; x_wconf 89' lang='lat' dir='ltr'>tute</span> <span class='ocrx_word' id='word_1_105' title='bbox 617 2040 755 2102; x_wconf 74' lang='lat' dir='ltr'>uerbum</span> <span class='ocrx_word' id='word_1_106' title='bbox 775 2060 841 2101; x_wconf 93' lang='lat' dir='ltr'>non</span> <span class='ocrx_word' id='word_1_107' title='bbox 860 2039 1065 2118; x_wconf 76' lang='lat' dir='ltr'>respondeas,</span> <span class='ocrx_word' id='word_1_108' title='bbox 1191 2055 1238 2097; x_wconf 84' lang='lat'>28⁰</span> 
     </span>
    </p>

    <p class='ocr_par' dir='ltr' id='par_1_15' title="bbox 243 2138 1139 2204">
     <span class='ocr_line' id='line_1_17' title="bbox 243 2138 1139 2204; baseline 0.001 -2"><span class='ocrx_word' id='word_1_109' title='bbox 243 2141 297 2204; x_wconf 89' lang='lat' dir='ltr'>Ita</span> <span class='ocrx_word' id='word_1_110' title='bbox 316 2147 354 2204; x_wconf 94' lang='lat' dir='ltr'>ut</span> <span class='ocrx_word' id='word_1_111' title='bbox 373 2140 425 2204; x_wconf 88' lang='lat' dir='ltr'>ille</span> <span class='ocrx_word' id='word_1_112' title='bbox 444 2139 541 2203; x_wconf 81' lang='lat' dir='ltr'>fecit?</span> <span class='ocrx_word' id='word_1_113' title='bbox 570 2140 642 2202; x_wconf 93' lang='lat' dir='ltr'>PH.</span> <span class='ocrx_word' id='word_1_114' title='bbox 665 2140 811 2203; x_wconf 79' lang='lat' dir='ltr'>Functus</span> <span class='ocrx_word' id='word_1_115' title='bbox 831 2138 1096 2203; x_wconf 79' lang='lat' dir='ltr'>adulescentulist</span> <span class='ocrx_word' id='word_1_116' title='bbox 1136 2172 1139 2177; x_wconf 46' lang='lat'><strong>⁴</strong></span> 
     </span>
    </p>
   </div>
   <div class='ocr_carea' id='block_1_3' title="bbox 242 2240 1091 2520">
    <p class='ocr_par' dir='ltr' id='par_1_16' title="bbox 242 2240 1091 2520">
     <span class='ocr_line' id='line_1_18' title="bbox 243 2240 970 2320; baseline -0.006 -15"><span class='ocrx_word' id='word_1_117' title='bbox 243 2242 395 2305; x_wconf 86' lang='lat' dir='ltr'>Officium</span> <span class='ocrx_word' id='word_1_118' title='bbox 415 2240 567 2303; x_wconf 73' lang='lat' dir='ltr'>liberalis:</span> <span class='ocrx_word' id='word_1_119' title='bbox 590 2247 766 2320; x_wconf 77' lang='lat' dir='ltr'>postquam</span> <span class='ocrx_word' id='word_1_120' title='bbox 787 2240 829 2302; x_wconf 84' lang='lat' dir='ltr'>ad</span> <span class='ocrx_word' id='word_1_121' title='bbox 848 2241 970 2303; x_wconf 81' lang='lat' dir='ltr'>iudices</span> 
     </span>
     <span class='ocr_line' id='line_1_19' title="bbox 242 2340 990 2421; baseline 0 -19"><span class='ocrx_word' id='word_1_122' title='bbox 242 2342 428 2417; x_wconf 82' lang='lat' dir='ltr'>Ventumst,</span> <span class='ocrx_word' id='word_1_123' title='bbox 449 2360 515 2403; x_wconf 90' lang='lat' dir='ltr'>non</span> <span class='ocrx_word' id='word_1_124' title='bbox 534 2340 644 2419; x_wconf 88' lang='lat' dir='ltr'>potuit</span> <span class='ocrx_word' id='word_1_125' title='bbox 665 2341 809 2419; x_wconf 81' lang='lat' dir='ltr'>cogitata</span> <span class='ocrx_word' id='word_1_126' title='bbox 828 2340 990 2421; x_wconf 84' lang='lat' dir='ltr'>proloqui;</span> 
     </span>
     <span class='ocr_line' id='line_1_20' title="bbox 242 2440 1091 2520; baseline 0.001 -18"><span class='ocrx_word' id='word_1_127' title='bbox 242 2442 295 2503; x_wconf 91' lang='lat' dir='ltr'>Ita</span> <span class='ocrx_word' id='word_1_128' title='bbox 314 2442 389 2503; x_wconf 79' lang='lat' dir='ltr'>erim</span> <span class='ocrx_word' id='word_1_129' title='bbox 409 2446 481 2502; x_wconf 88' lang='lat' dir='ltr'>tum</span> <span class='ocrx_word' id='word_1_130' title='bbox 501 2440 654 2503; x_wconf 92' lang='lat' dir='ltr'>timidum</span> <span class='ocrx_word' id='word_1_131' title='bbox 674 2440 719 2502; x_wconf 90' lang='lat' dir='ltr'>ibi</span> <span class='ocrx_word' id='word_1_132' title='bbox 740 2441 957 2519; x_wconf 77' lang='lat' dir='ltr'>obstupefecit</span> <span class='ocrx_word' id='word_1_133' title='bbox 976 2440 1091 2520; x_wconf 87' lang='lat' dir='ltr'>pudor.</span> 
     </span>
    </p>
   </div>
   <div class='ocr_carea' id='block_1_4' title="bbox 277 2606 1342 2687">
    <p class='ocr_par' dir='ltr' id='par_1_17' title="bbox 277 2606 1342 2687">
     <span class='ocr_line' id='line_1_21' title="bbox 277 2606 1342 2687; baseline -0.002 -27"><span class='ocrx_word' id='word_1_134' title='bbox 277 2608 339 2660; x_wconf 75' lang='grc'><strong>268.</strong></span> <span class='ocrx_word' id='word_1_135' title='bbox 375 2606 541 2673; x_wconf 80' lang='lat' dir='ltr'>inprudens,</span> <span class='ocrx_word' id='word_1_136' title='bbox 580 2606 716 2661; x_wconf 83' lang='lat' dir='ltr'>“without</span> <span class='ocrx_word' id='word_1_137' title='bbox 763 2608 786 2659; x_wconf 90' lang='lat' dir='ltr'>is</span> <span class='ocrx_word' id='word_1_138' title='bbox 804 2606 962 2674; x_wconf 78' lang='lat' dir='ltr'>frequently</span> <span class='ocrx_word' id='word_1_139' title='bbox 981 2606 1051 2660; x_wconf 85' lang='lat' dir='ltr'>used</span> <span class='ocrx_word' id='word_1_140' title='bbox 1071 2606 1101 2659; x_wconf 92' lang='lat' dir='ltr'>in</span> <span class='ocrx_word' id='word_1_141' title='bbox 1120 2608 1237 2660; x_wconf 79' lang='lat' dir='ltr'>ooordi·</span> <span class='ocrx_word' id='word_1_142' title='bbox 1339 2680 1342 2687; x_wconf 20' lang='grc' dir='ltr'><em>Ι</em></span> 
     </span>
    </p>
   </div>
   <div class='ocr_carea' id='block_1_5' title="bbox 239 2690 1237 3757">
    <p class='ocr_par' dir='ltr' id='par_1_18' title="bbox 242 2690 1237 2839">
     <span class='ocr_line' id='line_1_22' title="bbox 242 2690 1237 2759; baseline 0 -16"><span class='ocrx_word' id='word_1_143' title='bbox 242 2690 372 2757; x_wconf 87' lang='lat' dir='ltr'>knowing</span> <span class='ocrx_word' id='word_1_144' title='bbox 391 2690 444 2744; x_wconf 85' lang='lat' dir='ltr'>it.&#39;&#39;</span> <span class='ocrx_word' id='word_1_145' title='bbox 762 2692 859 2744; x_wconf 88' lang='lat' dir='ltr'>nation</span> <span class='ocrx_word' id='word_1_146' title='bbox 879 2690 948 2744; x_wconf 88' lang='lat' dir='ltr'>with</span> <span class='ocrx_word' id='word_1_147' title='bbox 967 2708 984 2745; x_wconf 88' lang='lat' dir='ltr'>a</span> <span class='ocrx_word' id='word_1_148' title='bbox 1003 2692 1156 2759; x_wconf 85' lang='lat' dir='ltr'>possessive</span> <span class='ocrx_word' id='word_1_149' title='bbox 1173 2708 1237 2759; x_wconf 88' lang='lat' dir='ltr'>pro·</span> 
     </span>
     <span class='ocr_line' id='line_1_23' title="bbox 275 2772 847 2839; baseline 0.007 -14"><span class='ocrx_word' id='word_1_150' title='bbox 275 2774 336 2826; x_wconf 73' lang='lat'><strong>2⁷0.</strong></span> <span class='ocrx_word' id='word_1_151' title='bbox 349 2772 545 2839; x_wconf 75' lang='lat' dir='ltr'>culpeminse</span> <span class='ocrx_word' id='word_1_152' title='bbox 557 2774 714 2837; x_wconf 72' lang='lat' dir='ltr'>admiserit,</span> <span class='ocrx_word' id='word_1_153' title='bbox 762 2791 847 2829; x_wconf 88' lang='lat' dir='ltr'>noun.</span> 
     </span>
    </p>

    <p class='ocr_par' dir='ltr' id='par_1_19' title="bbox 243 2857 1235 2925">
     <span class='ocr_line' id='line_1_24' title="bbox 243 2857 1235 2925; baseline 0.003 -17"><span class='ocrx_word' id='word_1_154' title='bbox 243 2857 311 2909; x_wconf 86' lang='lat' dir='ltr'>“has</span> <span class='ocrx_word' id='word_1_155' title='bbox 329 2857 492 2910; x_wconf 76' lang='lat' dir='ltr'>committed</span> <span class='ocrx_word' id='word_1_156' title='bbox 509 2876 526 2910; x_wconf 91' lang='lat' dir='ltr'>a</span> <span class='ocrx_word' id='word_1_157' title='bbox 544 2857 644 2911; x_wconf 84' lang='lat' dir='ltr'>fault.&#39;’</span> <span class='ocrx_word' id='word_1_158' title='bbox 680 2859 714 2910; x_wconf 89' lang='lat' dir='ltr'>In</span> <span class='ocrx_word' id='word_1_159' title='bbox 796 2859 858 2911; x_wconf 82' lang='grc'><strong>280.</strong></span> <span class='ocrx_word' id='word_1_160' title='bbox 876 2862 929 2912; x_wconf 76' lang='lat' dir='ltr'>tus</span> <span class='ocrx_word' id='word_1_161' title='bbox 944 2858 1031 2922; x_wconf 80' lang='lat' dir='ltr'>iuste.</span> <span class='ocrx_word' id='word_1_162' title='bbox 1052 2858 1118 2913; x_wconf 87' lang='lat' dir='ltr'>“the</span> <span class='ocrx_word' id='word_1_163' title='bbox 1135 2860 1235 2925; x_wconf 87' lang='lat' dir='ltr'>justice</span> 
     </span>
    </p>

    <p class='ocr_par' dir='ltr' id='par_1_20' title="bbox 241 2940 1235 3011">
     <span class='ocr_line' id='line_1_25' title="bbox 241 2940 1235 3011; baseline 0.004 -20"><span class='ocrx_word' id='word_1_164' title='bbox 241 2940 377 3011; x_wconf 63' lang='lat' dir='ltr'>admwcm</span> <span class='ocrx_word' id='word_1_165' title='bbox 395 2940 427 2993; x_wconf 80' lang='lat' dir='ltr'>in</span> <span class='ocrx_word' id='word_1_166' title='bbox 446 2957 473 2993; x_wconf 84' lang='lat' dir='ltr'>sc</span> <span class='ocrx_word' id='word_1_167' title='bbox 490 2958 521 2993; x_wconf 90' lang='lat' dir='ltr'>as</span> <span class='ocrx_word' id='word_1_168' title='bbox 541 2940 665 3007; x_wconf 87' lang='lat' dir='ltr'>opposed</span> <span class='ocrx_word' id='word_1_169' title='bbox 683 2946 728 2994; x_wconf 87' lang='lat' dir='ltr'>to-</span> <span class='ocrx_word' id='word_1_170' title='bbox 761 2941 791 2993; x_wconf 95' lang='lat' dir='ltr'>of</span> <span class='ocrx_word' id='word_1_171' title='bbox 808 2958 879 3009; x_wconf 85' lang='lat' dir='ltr'>your</span> <span class='ocrx_word' id='word_1_172' title='bbox 896 2942 1020 2996; x_wconf 82' lang='lat' dir='ltr'>claims.&#39;’</span> <span class='ocrx_word' id='word_1_173' title='bbox 1055 2946 1168 2995; x_wconf 82' lang='lat' dir='ltr'>-tutez</span> <span class='ocrx_word' id='word_1_174' title='bbox 1186 2942 1235 2996; x_wconf 91' lang='lat' dir='ltr'>the</span> 
     </span>
    </p>

    <p class='ocr_par' dir='ltr' id='par_1_21' title="bbox 241 3019 1235 3093">
     <span class='ocr_line' id='line_1_26' title="bbox 241 3019 1235 3093; baseline 0.004 -18"><span class='ocrx_word' id='word_1_175' title='bbox 241 3023 398 3076; x_wconf 79' lang='lat' dir='ltr'>committere</span> <span class='ocrx_word' id='word_1_176' title='bbox 414 3019 462 3076; x_wconf 91' lang='lat' dir='ltr'>the</span> <span class='ocrx_word' id='word_1_177' title='bbox 479 3024 619 3091; x_wconf 85' lang='lat' dir='ltr'>emphasis</span> <span class='ocrx_word' id='word_1_178' title='bbox 636 3025 659 3077; x_wconf 89' lang='lat' dir='ltr'>is</span> <span class='ocrx_word' id='word_1_179' title='bbox 677 3042 713 3076; x_wconf 92' lang='lat' dir='ltr'>on</span> <span class='ocrx_word' id='word_1_180' title='bbox 760 3025 876 3092; x_wconf 84' lang='lat' dir='ltr'>particle</span> <span class='ocrx_word' id='word_1_181' title='bbox 902 3033 937 3078; x_wconf 83' lang='lat' dir='ltr'>-te</span> <span class='ocrx_word' id='word_1_182' title='bbox 955 3025 1026 3079; x_wconf 84' lang='lat' dir='ltr'>adds</span> <span class='ocrx_word' id='word_1_183' title='bbox 1045 3025 1184 3093; x_wconf 80' lang='lat' dir='ltr'>emphasis</span> <span class='ocrx_word' id='word_1_184' title='bbox 1204 3031 1235 3079; x_wconf 87' lang='lat' dir='ltr'>to</span> 
     </span>
    </p>

    <p class='ocr_par' dir='ltr' id='par_1_22' title="bbox 241 3104 964 3175">
     <span class='ocr_line' id='line_1_27' title="bbox 241 3104 964 3175; baseline 0.004 -16"><span class='ocrx_word' id='word_1_185' title='bbox 241 3105 288 3159; x_wconf 89' lang='lat' dir='ltr'>the</span> <span class='ocrx_word' id='word_1_186' title='bbox 305 3104 393 3159; x_wconf 86' lang='lat' dir='ltr'>morel</span> <span class='ocrx_word' id='word_1_187' title='bbox 410 3114 506 3174; x_wconf 84' lang='lat' dir='ltr'>aspect</span> <span class='ocrx_word' id='word_1_188' title='bbox 523 3108 552 3159; x_wconf 92' lang='lat' dir='ltr'>of</span> <span class='ocrx_word' id='word_1_189' title='bbox 569 3107 616 3160; x_wconf 92' lang='lat' dir='ltr'>the</span> <span class='ocrx_word' id='word_1_190' title='bbox 634 3108 712 3161; x_wconf 82' lang='lat' dir='ltr'>deod.</span> <span class='ocrx_word' id='word_1_191' title='bbox 760 3108 809 3161; x_wconf 90' lang='lat' dir='ltr'>the</span> <span class='ocrx_word' id='word_1_192' title='bbox 829 3125 964 3175; x_wconf 88' lang='lat' dir='ltr'>pronoun.</span> 
     </span>
    </p>

    <p class='ocr_par' dir='ltr' id='par_1_23' title="bbox 239 3190 1234 3507">
     <span class='ocr_line' id='line_1_28' title="bbox 275 3190 1234 3259; baseline 0.003 -17"><span class='ocrx_word' id='word_1_193' title='bbox 275 3190 336 3243; x_wconf 78' lang='grc'><strong>271.</strong></span> <span class='ocrx_word' id='word_1_194' title='bbox 364 3202 402 3243; x_wconf 76' lang='lat' dir='ltr'>ex</span> <span class='ocrx_word' id='word_1_195' title='bbox 431 3231 437 3245; x_wconf 94' lang='lat'>.</span> <span class='ocrx_word' id='word_1_196' title='bbox 468 3231 474 3244; x_wconf 94' lang='lat'><strong>.</strong></span> <span class='ocrx_word' id='word_1_197' title='bbox 504 3233 509 3244; x_wconf 93' lang='lat'>.</span> <span class='ocrx_word' id='word_1_198' title='bbox 537 3194 712 3257; x_wconf 73' lang='lat' dir='ltr'>temperans,</span> <span class='ocrx_word' id='word_1_199' title='bbox 795 3193 856 3244; x_wconf 82' lang='grc'><strong>282.</strong></span> <span class='ocrx_word' id='word_1_200' title='bbox 876 3191 1016 3249; x_wconf 81' lang='lat' dir='ltr'>officium:</span> <span class='ocrx_word' id='word_1_201' title='bbox 1034 3194 1114 3259; x_wconf 61' lang='lat' dir='ltr'>tunm</span> <span class='ocrx_word' id='word_1_202' title='bbox 1131 3191 1234 3259; x_wconf 81' lang='lat' dir='ltr'>always</span> 
     </span>
     <span class='ocr_line' id='line_1_29' title="bbox 242 3272 1232 3348; baseline 0.003 -23"><span class='ocrx_word' id='word_1_203' title='bbox 242 3272 350 3326; x_wconf 89' lang='lat' dir='ltr'>“which</span> <span class='ocrx_word' id='word_1_204' title='bbox 379 3273 470 3329; x_wconf 90' lang='lat' dir='ltr'>would</span> <span class='ocrx_word' id='word_1_205' title='bbox 499 3274 585 3348; x_wconf 79' lang='lat' dir='ltr'>result</span> <span class='ocrx_word' id='word_1_206' title='bbox 613 3274 642 3327; x_wconf 91' lang='lat' dir='ltr'>in</span> <span class='ocrx_word' id='word_1_207' title='bbox 672 3273 713 3326; x_wconf 91' lang='lat' dir='ltr'>his</span> <span class='ocrx_word' id='word_1_208' title='bbox 757 3272 840 3328; x_wconf 67' lang='lat' dir='ltr'>&#39;takes</span> <span class='ocrx_word' id='word_1_209' title='bbox 849 3274 897 3328; x_wconf 91' lang='lat' dir='ltr'>the</span> <span class='ocrx_word' id='word_1_210' title='bbox 906 3276 1065 3328; x_wconf 87' lang='lat' dir='ltr'>accusative</span> <span class='ocrx_word' id='word_1_211' title='bbox 1073 3275 1232 3328; x_wconf 89' lang='lat' dir='ltr'>inTerenoe.</span> 
     </span>
     <span class='ocr_line' id='line_1_30' title="bbox 240 3356 1233 3423; baseline 0.002 -14"><span class='ocrx_word' id='word_1_212' title='bbox 240 3356 322 3423; x_wconf 82' lang='lat' dir='ltr'>being</span> <span class='ocrx_word' id='word_1_213' title='bbox 346 3356 461 3410; x_wconf 83' lang='lat' dir='ltr'>careless</span> <span class='ocrx_word' id='word_1_214' title='bbox 485 3358 514 3409; x_wconf 92' lang='lat' dir='ltr'>of</span> <span class='ocrx_word' id='word_1_215' title='bbox 538 3356 579 3410; x_wconf 87' lang='lat' dir='ltr'>his</span> <span class='ocrx_word' id='word_1_216' title='bbox 603 3357 713 3410; x_wconf 79' lang='lat' dir='ltr'>fortune</span> <span class='ocrx_word' id='word_1_217' title='bbox 795 3359 857 3411; x_wconf 78' lang='lat'>28³.</span> <span class='ocrx_word' id='word_1_218' title='bbox 870 3358 1005 3423; x_wconf 71' lang='lat' dir='ltr'>corium,</span> <span class='ocrx_word' id='word_1_219' title='bbox 1020 3357 1114 3411; x_wconf 85' lang='lat' dir='ltr'>“what</span> <span class='ocrx_word' id='word_1_220' title='bbox 1130 3357 1163 3409; x_wconf 90' lang='lat' dir='ltr'>he</span> <span class='ocrx_word' id='word_1_221' title='bbox 1176 3357 1233 3411; x_wconf 87' lang='lat' dir='ltr'>had</span> 
     </span>
     <span class='ocr_line' id='line_1_31' title="bbox 239 3438 984 3507; baseline 0.003 -16"><span class='ocrx_word' id='word_1_222' title='bbox 239 3456 272 3491; x_wconf 92' lang='lat' dir='ltr'>or</span> <span class='ocrx_word' id='word_1_223' title='bbox 294 3438 365 3505; x_wconf 87' lang='lat' dir='ltr'>good</span> <span class='ocrx_word' id='word_1_224' title='bbox 390 3441 501 3494; x_wconf 86' lang='lat' dir='ltr'>name.&#39;&#39;</span> <span class='ocrx_word' id='word_1_225' title='bbox 761 3441 882 3507; x_wconf 84' lang='lat' dir='ltr'>thought</span> <span class='ocrx_word' id='word_1_226' title='bbox 905 3442 984 3495; x_wconf 88' lang='lat' dir='ltr'>out.”</span> 
     </span>
    </p>

    <p class='ocr_par' dir='ltr' id='par_1_24' title="bbox 240 3521 1232 3675">
     <span class='ocr_line' id='line_1_32' title="bbox 274 3521 1232 3591; baseline 0.002 -16"><span class='ocrx_word' id='word_1_227' title='bbox 274 3523 335 3576; x_wconf 78' lang='grc'><strong>272.</strong></span> <span class='ocrx_word' id='word_1_228' title='bbox 360 3521 480 3586; x_wconf 77' lang='lat' dir='ltr'>melitis,</span> <span class='ocrx_word' id='word_1_229' title='bbox 509 3522 610 3591; x_wconf 78' lang='lat' dir='ltr'>“ehorp</span> <span class='ocrx_word' id='word_1_230' title='bbox 636 3540 714 3591; x_wconf 85' lang='lat' dir='ltr'>prac-</span> <span class='ocrx_word' id='word_1_231' title='bbox 795 3525 856 3576; x_wconf 78' lang='lat'>284.</span> <span class='ocrx_word' id='word_1_232' title='bbox 879 3524 928 3587; x_wconf 86' lang='lat' dir='ltr'>ibi,</span> <span class='ocrx_word' id='word_1_233' title='bbox 950 3525 969 3577; x_wconf 93' lang='lat' dir='ltr'>i.</span> <span class='ocrx_word' id='word_1_234' title='bbox 992 3540 1026 3589; x_wconf 89' lang='lat' dir='ltr'>e.,</span> <span class='ocrx_word' id='word_1_235' title='bbox 1048 3524 1078 3576; x_wconf 91' lang='lat' dir='ltr'>in</span> <span class='ocrx_word' id='word_1_236' title='bbox 1107 3531 1232 3577; x_wconf 87' lang='lat' dir='ltr'>court.-</span> 
     </span>
     <span class='ocr_line' id='line_1_33' title="bbox 240 3606 1232 3675; baseline 0 -16"><span class='ocrx_word' id='word_1_237' title='bbox 240 3606 323 3659; x_wconf 86' lang='lat' dir='ltr'>tice.”</span> <span class='ocrx_word' id='word_1_238' title='bbox 708 3628 710 3633; x_wconf 95' lang='lat'>·</span> <span class='ocrx_word' id='word_1_239' title='bbox 761 3606 964 3673; x_wconf 82' lang='lat' dir='ltr'>obstupefecit:</span> <span class='ocrx_word' id='word_1_240' title='bbox 993 3606 1041 3661; x_wconf 89' lang='lat' dir='ltr'>the</span> <span class='ocrx_word' id='word_1_241' title='bbox 1068 3607 1232 3675; x_wconf 85' lang='lat' dir='ltr'>antepenult</span> 
     </span>
    </p>

    <p class='ocr_par' dir='ltr' id='par_1_25' title="bbox 273 3690 873 3757">
     <span class='ocr_line' id='line_1_34' title="bbox 273 3690 873 3757; baseline 0 -14"><span class='ocrx_word' id='word_1_242' title='bbox 273 3691 335 3743; x_wconf 80' lang='grc'><strong>275.</strong></span> <span class='ocrx_word' id='word_1_243' title='bbox 356 3690 496 3747; x_wconf 82' lang='lat' dir='ltr'>iudicum:</span> <span class='ocrx_word' id='word_1_244' title='bbox 524 3690 572 3745; x_wconf 91' lang='lat' dir='ltr'>the</span> <span class='ocrx_word' id='word_1_245' title='bbox 592 3692 714 3757; x_wconf 83' lang='lat' dir='ltr'>genitive</span> <span class='ocrx_word' id='word_1_246' title='bbox 760 3693 784 3744; x_wconf 89' lang='lat' dir='ltr'>is</span> <span class='ocrx_word' id='word_1_247' title='bbox 801 3691 873 3757; x_wconf 86' lang='lat' dir='ltr'>long.</span> 
     </span>
    </p>
   </div>
   <div class='ocr_carea' id='block_1_6' title="bbox 0 0 1484 4400">
    <p class='ocr_par' dir='ltr' id='par_1_26' title="bbox 0 0 1484 4400">
     <span class='ocr_line' id='line_1_35' title="bbox 0 0 1484 4400; baseline 0 2"><span class='ocrx_word' id='word_1_248' title='bbox 0 0 1484 4400; x_wconf 95' lang='lat' dir='ltr'> </span> 
     </span>
    </p>
   </div>
  </div>
 </body>
</html>
