2959 4400
235 396 277 457 42
660 412 811 455 cunnum
1002 402 1073 467 [Aer
1088 402 1143 467 111,
1158 403 1202 457 Sc.
1217 406 1235 456 2

236 587 306 649 DE.
331 588 400 665 Ego
424 590 475 649 me
499 606 594 665 nego;
617 592 655 649 tu
680 587 736 667 qui
760 591 817 662 ais
842 587 950 665 redige
973 588 1007 648 in
1030 588 1230 650 memoriam.

236 686 308 747 PH.
334 687 405 747 Eho
422 688 470 761 tri,
488 686 654 748 sobrinum
672 688 765 747 tuem
783 707 849 748 non
866 690 980 748 noras?
1013 687 1082 747 DE.
1103 672 1230 749 Enicas.

237 785 296 847 Dic
316 788 444 847 nemen.
484 786 557 848 PH.
580 785 725 847 Nomen?
745 788 907 847 mrixume.
947 786 1017 847 DE.
1039 786 1125 862 Quid
1145 790 1231 849 minc

318 888 426 947 taces?
1186 903 1240 945 333.

236 984 308 1047 PH.
336 986 448 1060 (atde)
476 986 559 1047 Perii
583 985 697 1061 hercle,
723 1005 842 1047 nomen
865 986 1001 1064 perdidi.
1050 986 1120 1047 DE.
1145 987 1232 1062 Quid

319 1068 385 1146 ais?
413 1085 486 1146 PH.
514 1086 626 1160 (acide)
649 1086 743 1161 Geta,

235 1184 268 1248 Si
285 1185 460 1247 meministi
476 1184 509 1246 id
526 1184 614 1265 quod
631 1185 707 1246 olim
724 1185 892 1260 dictumst,
910 1185 1029 1247 sribice.
1066 1188 1107 1261 (to
1124 1185 1232 1248 Demi-

318 1285 393 1364 pho)
417 1284 500 1359 hem,

236 1384 309 1446 Non
329 1385 416 1446 dico:
437 1386 529 1464 quasi
551 1406 615 1446 non
637 1388 756 1460 nosses,
777 1392 978 1463 temptatum
1001 1385 1144 1447 eduenis

235 1484 305 1545 DE.
330 1485 399 1563 Ego
424 1486 535 1546 autem
559 1488 706 1563 tempto?
754 1485 820 1546 GE.
851 1486 962 1560 (acide)
990 1485 1103 1564 Stilpo
1155 1486 1227 1547 PH.

318 1584 427 1665 Atque
445 1585 526 1646 adeo
544 1585 622 1664 quid
640 1588 731 1646 mea?

234 1685 380 1763 Stilpest.
428 1685 498 1745 DE.
524 1684 627 1760 Quem
651 1684 754 1745 dixti?
799 1684 871 1745 PH.
897 1684 1077 1762 Stilponem
1095 1686 1230 1765 inquam

317 1786 462 1846 neueras.
1183 1801 1230 1842 aco

233 1885 304 1945 DE.
329 1884 441 1963 Neque
476 1886 534 1963 ego
572 1884 662 1944 illum
701 1904 814 1946 noram
854 1887 958 1963 neque
993 1884 1037 1946 mi
1072 1887 1230 1962 cognatus

317 1983 379 2045 fuit

233 2084 413 2164 Quisquam
434 2087 515 2146 istoc
537 2084 675 2145 nomine.
719 2084 791 2145 PH.
816 2067 929 2145 itane?
969 2104 1034 2145 non
1055 2090 1089 2145 te
1110 2084 1227 2146 horum

316 2184 438 2262 pudet?

233 2285 277 2346 At
297 2285 323 2345 si
343 2284 505 2346 talentum
526 2287 593 2346 rem
614 2284 794 2365 reliquisset
814 2285 935 2359 decem,

234 2384 303 2445 DE.
329 2385 369 2445 Di
385 2383 446 2445 tibi
461 2384 681 2446 malefaciant!
711 2384 783 2444 PH.
801 2385 928 2445 Primus
943 2403 1028 2445 esses
1043 2385 1230 2447 memoriter

233 2484 422 2562 Progeniem
447 2477 593 2545 uostram
619 2502 721 2562 usque
748 2483 789 2544 eb
815 2502 878 2544 auo
904 2489 1004 2564 atque
1030 2491 1130 2546 atauo
1156 2486 1229 2563 pre
1275 2497 1277 2499 ’

315 2584 428 2645 ferens
1182 2599 1229 2642 335

266 2801 453 2865 383138113,
474 2800 601 2854 “recall'’
753 2820 769 2853 a
800 2803 920 2868 genitive
958 2803 987 2853 ol
1026 2800 1074 2854 the
1104 2817 1227 2867 persons,

266 2885 328 2936 385.
341 2897 488 2946 maxume,
506 2884 686 2950 “certainly.’'
752 2886 784 2937 in
812 2885 896 2937 whose
925 2901 1046 2951 presence
1074 2884 1170 2937 shame
1203 2885 1227 2936 is

266 2968 327 3020 386.
351 2965 472 3032 perdidi,
499 2967 531 3018 “I
556 2967 626 3020 have
652 2969 706 3020 lor·
752 2968 811 3022 felt.
1038 3018 1041 3023 ⁴

230 3052 357 3118 gotten.’'
682 3119 684 3124 Ι
786 3052 848 3105 393.
890 3051 1041 3114 talentum,
1106 3053 1227 3117 genitive
1321 3049 1324 3055 '

265 3135 327 3187 387.
346 3134 453 3197 subice,
474 3136 633 3201 “prompt'’
751 3134 957 3202 plural—rem,
980 3135 1116 3188 “estate'’

264 3219 326 3270 388.
338 3221 523 3282 temptatum,
536 3218 642 3285 supine,
657 3221 704 3270 “to
786 3219 848 3271 ³94.
874 3217 1071 3276 muetaciant:
1098 3216 1144 3270 the
1167 3219 1226 3270 first

230 3301 320 3353 sound
333 3303 405 3354 me.”
500 3297 503 3304 '
752 3303 815 3354 four
837 3301 965 3368 syllables
989 3300 1070 3353 make
1092 3318 1109 3353 a
1131 3317 1225 3368 proce-

266 3385 328 3437 389.
362 3388 450 3449 atque
502 3384 583 3448 adeo,
631 3384 704 3437 “and
751 3385 1085 3450 leusmaticus.-primus
1144 3397 1226 3437 31133

191 3530 194 3536 ¹
230 3467 472 3531 beadufl—quid
485 3471 565 3526 mei:
579 3485 623 3520 see
639 3475 704 3521 note
750 3469 917 3521 memoriter
954 3467 1110 3533 proferens,
1152 3467 1225 3534 “you

230 3567 266 3602 on
282 3554 340 3604 133.
752 3552 843 3604 would
865 3552 935 3604 have
957 3552 1026 3604 been
1046 3551 1094 3604 the
1115 3552 1175 3604 first
1196 3557 1225 3603 to

264 3635 317 3687 ³92
348 3634 704 3697 &euwain-hom,
753 3637 806 3688 cite
830 3637 900 3687 lrom
922 3636 1076 3702 memory.'’
