2959 4400
670 508 846 579 *ussum
964 559 969 563 ,
1061 496 1131 562 [Aer
1146 496 1178 561 V,
1194 497 1272 550 999
1357 572 1363 579 ¹

695 682 809 745 Sosus
831 684 850 743 9

555 866 729 919 Nausistrata
746 866 825 918 hears
841 866 889 918 the
906 866 994 921 truth.

457 1002 550 1070 [Emer
565 1001 739 1053 Nausistrata
755 1003 824 1066 lrovn
840 1001 971 1054 Chremes'
988 1001 1088 1068 house]

275 1156 508 1200 NAVSISTRATA
605 1154 769 1197 CHREMES
863 1155 1017 1199 DEMIPHO
1115 1156 1271 1201 PHORMIO

275 1255 349 1317 NA.
375 1256 437 1331 Qui
468 1254 616 1316 nominat
648 1256 718 1315 me?
769 1253 853 1329 hem,
886 1254 964 1334 quid
994 1254 1078 1316 istuc
1109 1255 1268 1331 turbaest,

358 1355 500 1431 obsecro,
1224 1373 1271 1414 990

275 1455 320 1516 Mi
330 1457 399 1517 uir?
432 1455 504 1517 PH.
521 1456 563 1531 (lo
575 1454 732 1529 Chremes)
748 1455 861 1530 Ehem,
875 1454 953 1534 quid
965 1474 1051 1516 nunc
1063 1455 1271 1535 obstipuisti?

319 1553 321 1556 ’
358 1554 433 1617 NA.
457 1556 536 1632 Quis
556 1555 607 1619 hic
627 1555 777 1617 homost?

266 1656 349 1717 Non
369 1656 448 1717 mihi
466 1655 659 1734 respondes?
698 1655 771 1716 PH.
792 1656 908 1717 Hicine
926 1662 964 1717 ut
982 1656 1043 1718 tibi
1062 1657 1268 1735 respondeat,

275 1756 337 1841 Qui
363 1755 467 1817 hercle
492 1755 615 1818 ubisit
640 1756 762 1817 nescit?
807 1755 877 1817 CH.
903 1757 990 1820 Coue
1014 1756 1076 1818 isti·
1093 1757 1269 1838 quicquam

358 1857 501 1918 creduas.

274 1956 348 2019 PH.
372 1957 445 2033 Abi,
467 1959 578 2036 tonge;
599 1956 625 2018 si
645 1978 711 2018 non
731 1958 823 2019 totus
843 1957 948 2035 friget,
970 1978 1022 2019 me
1042 1958 1142 2020 enica.

275 2057 346 2121 CH.
371 2057 458 2119 Nihil
483 2060 541 2119 est.
588 2057 663 2119 NA.
690 2057 775 2134 Quid
800 2060 894 2137 ergo?
938 2058 1017 2139 quid
1041 2057 1113 2119 istic
1138 2062 1270 2121 narrat?

358 2159 431 2221 PH.
455 2157 526 2220 lom
546 2158 639 2220 scies:
1223 2176 1269 2218 995

275 2259 442 2322 Ausculta.
479 2259 549 2323 CH.
565 2260 680 2337 Pergin
694 2259 841 2321 credere?
874 2260 949 2321 NA.
965 2260 1049 2336 Quid
1064 2280 1122 2339 ego
1136 2260 1269 2324 obsecro

276 2362 360 2422 Huic
386 2361 525 2436 credam,
551 2360 606 2440 qui
630 2360 673 2420 nil
697 2360 800 2421 dixit?
844 2360 916 2421 PH.
943 2361 1066 2422 Deliret
1090 2361 1187 2422 miser

275 2462 412 2524 Timore.
456 2460 530 2522 NA.
554 2454 626 2520 Non
646 2460 700 2538 pol
720 2462 884 2535 temerest,
905 2460 993 2541 quod
1014 2466 1050 2521 tu
1071 2463 1141 2523 tom
1161 2460 1266 2523 timeo.

275 2562 344 2624 CH.
371 2562 462 2640 Egon
477 2563 596 2622 timeo?
631 2559 703 2620 PH.
721 2560 823 2621 Recte
836 2562 927 2622 stne:
956 2560 1088 2640 quando
1102 2561 1147 2622 nll
1161 2561 1267 2636 times,

275 2663 318 2723 Et
336 2661 396 2723 hoc
414 2659 493 2722 nihil
510 2665 560 2721 est
577 2659 665 2739 quod
682 2678 741 2737 ego
758 2659 840 2734 dico,
858 2665 895 2720 tu
913 2661 1018 2720 narrt.
1058 2660 1128 2721 DE.
1147 2661 1267 2736 Scelus,

273 2761 346 2822 Tibi
368 2762 497 2822 nones?
539 2759 611 2820 PH.
636 2758 706 2821 Ohe
727 2763 776 2834 tu,
799 2759 957 2821 iectumst
979 2759 1039 2821 abs
1059 2765 1093 2822 te
1114 2760 1226 2822 sedulo

274 2861 337 2922 Pro
356 2860 465 2922 freti-e.
508 2857 582 2920 NA.
604 2858 648 2919 Mi
667 2858 727 2934 uir,
747 2859 813 2920 non
832 2858 912 2920 mihi
930 2859 1035 2921 dices?
1074 2860 1144 2921 CH.
1165 2843 1266 2922 At..

253 3007 256 3012 -
357 2960 432 3022 NA.
457 2959 542 3035 Quid
563 2958 649 3020 ‘atu
1207 2976 1270 3017 1002

307 3163 370 3216 999.
385 3159 479 3214 hicine
493 3163 529 3213 ut
547 3174 554 3217 τ
570 3177 614 3212 see
630 3166 696 3213 note
713 3177 749 3212 on
830 3162 893 3213 998.
912 3164 1031 3225 temore,
1052 3160 1193 3215 “without
1211 3179 1271 3214 ree·

274 3264 301 3313 v,
316 3249 376 3300 304.
545 3303 546 3308 η
797 3246 876 3298 son.”

307 3331 370 3383 993.
387 3328 518 3392 eroum,
535 3329 613 3394 early
631 3329 702 3380 lonn
721 3328 750 3378 ol
831 3329 893 3380 999.
911 3332 989 3382 reete
1020 3341 1099 3392 sene,
1132 3328 1210 3381 “Ohl
1241 3330 1270 3380 ol

274 3413 322 3466 the
340 3419 453 3481 present
471 3413 658 3478 subjunctive.
798 3428 891 3464 course
914 3413 993 3476 n0t‚’'
1016 3429 1053 3463 en
1074 3412 1188 3464 ironioal
1212 3429 1270 3464 cor-

307 3496 370 3550 995.
417 3495 488 3561 quid
532 3495 597 3548 istic
641 3499 749 3558 narrat,
798 3494 957 3547 roboration
980 3495 1010 3546 oi
1032 3494 1080 3548 the
1104 3494 1195 3548 denisl
1218 3496 1270 3548 im-

275 3579 373 3632 “whst
401 3579 425 3633 is
453 3579 518 3632 thet
545 3595 611 3630 men
640 3579 750 3644 talking
798 3577 872 3644 plied
884 3579 914 3630 in
928 3595 992 3642 egon
1005 3579 1092 3632 timeo.

273 3661 504 3726 about?''—1sm,
521 3662 713 3729 “plesentlyst'
834 3662 912 3714 1001.
928 3660 989 3725 tibi,
1008 3661 1061 3715 “to
1076 3662 1168 3728 plesse
1183 3663 1270 3729 you‚”

797 3744 898 3797 ethicsl
913 3744 1016 3800 dative.
