<?xml version="1.0" encoding="UTF-8"?>
<!DOCTYPE html PUBLIC "-//W3C//DTD XHTML 1.0 Transitional//EN"
    "http://www.w3.org/TR/xhtml1/DTD/xhtml1-transitional.dtd">
<html xmlns="http://www.w3.org/1999/xhtml" xml:lang="en" lang="en">
 <head>
  <title>
</title>
<meta http-equiv="Content-Type" content="text/html;charset=utf-8" />
  <meta name='ocr-system' content='tesseract 3.04.00' />
  <meta name='ocr-capabilities' content='ocr_page ocr_carea ocr_par ocr_line ocrx_word'/>
</head>
<body>
  <div class='ocr_page' id='page_1' title='image "./phormioterence00laingoog_0070.png"; bbox 0 0 2959 4400; ppageno 0'>
   <div class='ocr_carea' id='block_1_1' title="bbox 237 472 1238 541">
    <p class='ocr_par' dir='ltr' id='par_1_1' title="bbox 237 472 1238 541">
     <span class='ocr_line' id='line_1_1' title="bbox 237 472 1238 541; baseline -0.003 -10"><span class='ocrx_word' id='word_1_1' title='bbox 237 472 276 531; x_wconf 87' lang='grc'>46</span> <span class='ocrx_word' id='word_1_2' title='bbox 657 487 806 529; x_wconf 69' lang='lat' dir='ltr'>runcari</span> <span class='ocrx_word' id='word_1_3' title='bbox 998 476 1071 541; x_wconf 72' lang='lat' dir='ltr'>[nen</span> <span class='ocrx_word' id='word_1_4' title='bbox 1086 475 1142 537; x_wconf 85' lang='lat'>111,</span> <span class='ocrx_word' id='word_1_5' title='bbox 1159 476 1205 528; x_wconf 85' lang='lat' dir='ltr'>sc.</span> <span class='ocrx_word' id='word_1_6' title='bbox 1222 479 1238 528; x_wconf 88' lang='lat'><strong>3</strong></span> 
     </span>
    </p>
   </div>
   <div class='ocr_carea' id='block_1_2' title="bbox 189 662 1311 3360">
    <p class='ocr_par' dir='ltr' id='par_1_2' title="bbox 189 662 1311 3360">
     <span class='ocr_line' id='line_1_2' title="bbox 238 662 1193 748; baseline -0.002 -24"><span class='ocrx_word' id='word_1_7' title='bbox 238 663 351 743; x_wconf 85' lang='lat' dir='ltr'>Neque</span> <span class='ocrx_word' id='word_1_8' title='bbox 375 662 419 723; x_wconf 92' lang='lat' dir='ltr'>mi</span> <span class='ocrx_word' id='word_1_9' title='bbox 442 664 475 723; x_wconf 91' lang='lat' dir='ltr'>in</span> <span class='ocrx_word' id='word_1_10' title='bbox 499 668 708 748; x_wconf 82' lang='lat' dir='ltr'>conspectum</span> <span class='ocrx_word' id='word_1_11' title='bbox 732 662 852 739; x_wconf 81' lang='lat' dir='ltr'>prodit,</span> <span class='ocrx_word' id='word_1_12' title='bbox 877 669 915 725; x_wconf 90' lang='lat' dir='ltr'>ut</span> <span class='ocrx_word' id='word_1_13' title='bbox 939 664 1055 724; x_wconf 79' lang='lat' dir='ltr'>saltem</span> <span class='ocrx_word' id='word_1_14' title='bbox 1079 662 1193 738; x_wconf 87' lang='lat' dir='ltr'>sciam,</span> 
     </span>
     <span class='ocr_line' id='line_1_3' title="bbox 238 761 1237 841; baseline -0.005 -18"><span class='ocrx_word' id='word_1_15' title='bbox 238 763 322 839; x_wconf 82' lang='lat' dir='ltr'>Quid</span> <span class='ocrx_word' id='word_1_16' title='bbox 344 763 385 825; x_wconf 91' lang='lat' dir='ltr'>de</span> <span class='ocrx_word' id='word_1_17' title='bbox 405 764 443 823; x_wconf 75' lang='lat' dir='ltr'>ea</span> <span class='ocrx_word' id='word_1_18' title='bbox 464 782 496 823; x_wconf 88' lang='lat' dir='ltr'>re</span> <span class='ocrx_word' id='word_1_19' title='bbox 517 763 605 823; x_wconf 92' lang='lat' dir='ltr'>dicat</span> <span class='ocrx_word' id='word_1_20' title='bbox 627 761 748 841; x_wconf 92' lang='lat' dir='ltr'>quidue</span> <span class='ocrx_word' id='word_1_21' title='bbox 768 762 810 823; x_wconf 91' lang='lat' dir='ltr'>sit</span> <span class='ocrx_word' id='word_1_22' title='bbox 832 762 1024 823; x_wconf 78' lang='lat' dir='ltr'>sententiae.</span> <span class='ocrx_word' id='word_1_23' title='bbox 1187 779 1237 818; x_wconf 92' lang='lat'>444</span> 
     </span>
     <span class='ocr_line' id='line_1_4' title="bbox 241 861 1233 938; baseline -0.002 -14"><span class='ocrx_word' id='word_1_24' title='bbox 241 864 282 938; x_wconf 86' lang='lat' dir='ltr'>(to</span> <span class='ocrx_word' id='word_1_25' title='bbox 299 862 387 937; x_wconf 83' lang='lat' dir='ltr'>Geta)</span> <span class='ocrx_word' id='word_1_26' title='bbox 407 862 478 938; x_wconf 82' lang='lat' dir='ltr'>Abi,</span> <span class='ocrx_word' id='word_1_27' title='bbox 496 864 564 923; x_wconf 91' lang='lat' dir='ltr'>uise</span> <span class='ocrx_word' id='word_1_28' title='bbox 581 861 752 923; x_wconf 89' lang='lat' dir='ltr'>redieritne</span> <span class='ocrx_word' id='word_1_29' title='bbox 768 861 834 922; x_wconf 88' lang='lat' dir='ltr'>iam</span> <span class='ocrx_word' id='word_1_30' title='bbox 851 883 893 923; x_wconf 91' lang='lat' dir='ltr'>an</span> <span class='ocrx_word' id='word_1_31' title='bbox 909 883 974 923; x_wconf 92' lang='lat' dir='ltr'>non</span> <span class='ocrx_word' id='word_1_32' title='bbox 992 861 1071 923; x_wconf 85' lang='lat' dir='ltr'>drim</span> <span class='ocrx_word' id='word_1_33' title='bbox 1088 862 1233 923; x_wconf 91' lang='lat' dir='ltr'>domum.</span> 
     </span>
     <span class='ocr_line' id='line_1_5' title="bbox 237 961 1237 1040; baseline -0.002 -16"><span class='ocrx_word' id='word_1_34' title='bbox 237 963 303 1025; x_wconf 84' lang='lat' dir='ltr'>GE.</span> <span class='ocrx_word' id='word_1_35' title='bbox 329 963 377 1024; x_wconf 88' lang='grc' dir='ltr'><strong>Εό</strong></span> <span class='ocrx_word' id='word_1_36' title='bbox 416 963 503 1037; x_wconf 75' lang='lat' dir='ltr'>(Exit</span> <span class='ocrx_word' id='word_1_37' title='bbox 526 964 592 1023; x_wconf 81' lang='lat' dir='ltr'>into</span> <span class='ocrx_word' id='word_1_38' title='bbox 617 962 799 1040; x_wconf 83' lang='lat' dir='ltr'>Demipho&#39;s</span> <span class='ocrx_word' id='word_1_39' title='bbox 823 963 929 1037; x_wconf 80' lang='lat' dir='ltr'>house)</span> <span class='ocrx_word' id='word_1_40' title='bbox 951 996 991 1004; x_wconf 91' lang='lat'>—</span> <span class='ocrx_word' id='word_1_41' title='bbox 1015 962 1085 1023; x_wconf 94' lang='lat' dir='ltr'>DE.</span> <span class='ocrx_word' id='word_1_42' title='bbox 1111 961 1237 1023; x_wconf 88' lang='lat' dir='ltr'>Videtis</span> 
     </span>
     <span class='ocr_line' id='line_1_6' title="bbox 322 1062 1037 1143; baseline 0.001 -21"><span class='ocrx_word' id='word_1_43' title='bbox 322 1063 440 1143; x_wconf 91' lang='lat' dir='ltr'>quoin</span> <span class='ocrx_word' id='word_1_44' title='bbox 460 1062 529 1122; x_wconf 92' lang='lat' dir='ltr'>loco</span> <span class='ocrx_word' id='word_1_45' title='bbox 549 1081 599 1123; x_wconf 85' lang='lat' dir='ltr'>res</span> <span class='ocrx_word' id='word_1_46' title='bbox 619 1062 698 1123; x_wconf 79' lang='lat' dir='ltr'>haec</span> <span class='ocrx_word' id='word_1_47' title='bbox 718 1062 789 1123; x_wconf 90' lang='lat' dir='ltr'>siet.</span> <span class='ocrx_word' id='word_1_48' title='bbox 1032 1135 1037 1141; x_wconf 18' lang='lat'>⁸</span> 
     </span>
     <span class='ocr_line' id='line_1_7' title="bbox 239 1147 1233 1240; baseline -0.002 -16"><span class='ocrx_word' id='word_1_49' title='bbox 239 1163 324 1239; x_wconf 82' lang='lat' dir='ltr'>Quid</span> <span class='ocrx_word' id='word_1_50' title='bbox 346 1164 424 1240; x_wconf 79' lang='lat' dir='ltr'>ago?</span> <span class='ocrx_word' id='word_1_51' title='bbox 461 1162 522 1237; x_wconf 86' lang='lat' dir='ltr'>dic,</span> <span class='ocrx_word' id='word_1_52' title='bbox 544 1162 657 1239; x_wconf 81' lang='lat' dir='ltr'>Hegio,</span> <span class='ocrx_word' id='word_1_53' title='bbox 698 1160 770 1222; x_wconf 93' lang='lat' dir='ltr'>HE.</span> <span class='ocrx_word' id='word_1_54' title='bbox 793 1147 881 1239; x_wconf 76' lang='lat' dir='ltr'>Ego?</span> <span class='ocrx_word' id='word_1_55' title='bbox 918 1162 1087 1223; x_wconf 83' lang='lat' dir='ltr'>Cratinum</span> <span class='ocrx_word' id='word_1_56' title='bbox 1108 1165 1233 1236; x_wconf 77' lang='lat' dir='ltr'>cense0,</span> 
     </span>
     <span class='ocr_line' id='line_1_8' title="bbox 239 1262 1194 1336; baseline -0.001 -12"><span class='ocrx_word' id='word_1_57' title='bbox 239 1264 272 1325; x_wconf 84' lang='lat' dir='ltr'>si</span> <span class='ocrx_word' id='word_1_58' title='bbox 289 1262 350 1323; x_wconf 87' lang='lat' dir='ltr'>tibi</span> <span class='ocrx_word' id='word_1_59' title='bbox 367 1262 506 1323; x_wconf 87' lang='lat' dir='ltr'>uidetur.</span> <span class='ocrx_word' id='word_1_60' title='bbox 542 1262 610 1321; x_wconf 92' lang='lat' dir='ltr'>DE.</span> <span class='ocrx_word' id='word_1_61' title='bbox 633 1262 701 1336; x_wconf 90' lang='lat' dir='ltr'>Dic,</span> <span class='ocrx_word' id='word_1_62' title='bbox 721 1262 860 1323; x_wconf 87' lang='lat' dir='ltr'>Cratine.</span> <span class='ocrx_word' id='word_1_63' title='bbox 896 1262 993 1323; x_wconf 78' lang='lat' dir='ltr'><em>CBA.</em></span> <span class='ocrx_word' id='word_1_64' title='bbox 1014 1262 1106 1323; x_wconf 77' lang='lat' dir='ltr'>Mene</span> <span class='ocrx_word' id='word_1_65' title='bbox 1124 1262 1194 1323; x_wconf 84' lang='lat' dir='ltr'>uis?</span> 
     </span>
     <span class='ocr_line' id='line_1_9' title="bbox 239 1361 1234 1441; baseline -0.002 -18"><span class='ocrx_word' id='word_1_66' title='bbox 239 1363 308 1423; x_wconf 93' lang='lat' dir='ltr'>DE.</span> <span class='ocrx_word' id='word_1_67' title='bbox 332 1362 386 1423; x_wconf 87' lang='lat' dir='ltr'>Te.</span> <span class='ocrx_word' id='word_1_68' title='bbox 425 1361 521 1422; x_wconf 78' lang='lat' dir='ltr'><em>CBA.</em></span> <span class='ocrx_word' id='word_1_69' title='bbox 543 1362 621 1439; x_wconf 81' lang='lat' dir='ltr'>Ego,</span> <span class='ocrx_word' id='word_1_70' title='bbox 637 1380 720 1441; x_wconf 88' lang='lat' dir='ltr'>quae</span> <span class='ocrx_word' id='word_1_71' title='bbox 738 1363 772 1421; x_wconf 84' lang='lat' dir='ltr'>in</span> <span class='ocrx_word' id='word_1_72' title='bbox 790 1381 858 1422; x_wconf 90' lang='lat' dir='ltr'>rem</span> <span class='ocrx_word' id='word_1_73' title='bbox 876 1367 969 1423; x_wconf 87' lang='lat' dir='ltr'>tuam</span> <span class='ocrx_word' id='word_1_74' title='bbox 988 1363 1063 1437; x_wconf 81' lang='lat' dir='ltr'>sint,</span> <span class='ocrx_word' id='word_1_75' title='bbox 1079 1365 1116 1423; x_wconf 71' lang='lat' dir='ltr'>ea</span> <span class='ocrx_word' id='word_1_76' title='bbox 1135 1362 1234 1422; x_wconf 91' lang='lat' dir='ltr'>uelim</span> 
     </span>
     <span class='ocr_line' id='line_1_10' title="bbox 323 1461 543 1523; baseline -0.005 -1"><span class='ocrx_word' id='word_1_77' title='bbox 323 1462 433 1523; x_wconf 73' lang='lat' dir='ltr'>facias</span> <span class='ocrx_word' id='word_1_78' title='bbox 465 1461 543 1522; x_wconf 90' lang='lat' dir='ltr'>mihi</span> 
     </span>
     <span class='ocr_line' id='line_1_11' title="bbox 189 1561 1244 1641; baseline -0.007 -16"><span class='ocrx_word' id='word_1_79' title='bbox 189 1631 195 1640; x_wconf 59' lang='grc'><strong>,</strong></span> <span class='ocrx_word' id='word_1_80' title='bbox 240 1562 290 1625; x_wconf 84' lang='lat' dir='ltr'>Sic</span> <span class='ocrx_word' id='word_1_81' title='bbox 313 1562 373 1623; x_wconf 81' lang='lat' dir='ltr'>hoc</span> <span class='ocrx_word' id='word_1_82' title='bbox 395 1561 538 1624; x_wconf 91' lang='lat' dir='ltr'>uidetur:</span> <span class='ocrx_word' id='word_1_83' title='bbox 561 1562 648 1641; x_wconf 78' lang='lat' dir='ltr'>quod</span> <span class='ocrx_word' id='word_1_84' title='bbox 670 1566 704 1623; x_wconf 88' lang='lat' dir='ltr'>te</span> <span class='ocrx_word' id='word_1_85' title='bbox 726 1562 861 1624; x_wconf 88' lang='lat' dir='ltr'>absente</span> <span class='ocrx_word' id='word_1_86' title='bbox 882 1563 933 1623; x_wconf 92' lang='lat' dir='ltr'>hic</span> <span class='ocrx_word' id='word_1_87' title='bbox 955 1562 1041 1623; x_wconf 87' lang='lat' dir='ltr'>filius</span> <span class='ocrx_word' id='word_1_88' title='bbox 1189 1578 1244 1619; x_wconf 86' lang='lat'>450.</span> 
     </span>
     <span class='ocr_line' id='line_1_12' title="bbox 241 1662 1109 1741; baseline -0.001 -18"><span class='ocrx_word' id='word_1_89' title='bbox 241 1663 326 1740; x_wconf 85' lang='lat' dir='ltr'>Egit,</span> <span class='ocrx_word' id='word_1_90' title='bbox 348 1662 476 1722; x_wconf 90' lang='lat' dir='ltr'>restitui</span> <span class='ocrx_word' id='word_1_91' title='bbox 496 1662 529 1723; x_wconf 91' lang='lat' dir='ltr'>in</span> <span class='ocrx_word' id='word_1_92' title='bbox 549 1663 711 1739; x_wconf 83' lang='lat' dir='ltr'>integrum</span> <span class='ocrx_word' id='word_1_93' title='bbox 733 1668 903 1741; x_wconf 77' lang='lat' dir='ltr'>aequomst</span> <span class='ocrx_word' id='word_1_94' title='bbox 924 1664 956 1724; x_wconf 78' lang='lat' dir='ltr'>et</span> <span class='ocrx_word' id='word_1_95' title='bbox 977 1662 1109 1737; x_wconf 86' lang='lat' dir='ltr'>bonurn,</span> 
     </span>
     <span class='ocr_line' id='line_1_13' title="bbox 241 1761 1092 1840; baseline 0 -17"><span class='ocrx_word' id='word_1_96' title='bbox 241 1764 284 1823; x_wconf 84' lang='lat' dir='ltr'>Et</span> <span class='ocrx_word' id='word_1_97' title='bbox 305 1762 338 1823; x_wconf 93' lang='lat' dir='ltr'>id</span> <span class='ocrx_word' id='word_1_98' title='bbox 357 1762 546 1839; x_wconf 87' lang='lat' dir='ltr'>inpetrabis.</span> <span class='ocrx_word' id='word_1_99' title='bbox 577 1761 654 1822; x_wconf 86' lang='lat' dir='ltr'>dixi.</span> <span class='ocrx_word' id='word_1_100' title='bbox 686 1762 756 1823; x_wconf 89' lang='lat' dir='ltr'>DE.</span> <span class='ocrx_word' id='word_1_101' title='bbox 782 1763 840 1823; x_wconf 90' lang='lat' dir='ltr'>Dic</span> <span class='ocrx_word' id='word_1_102' title='bbox 861 1782 957 1838; x_wconf 87' lang='lat' dir='ltr'>nunc,</span> <span class='ocrx_word' id='word_1_103' title='bbox 979 1763 1092 1840; x_wconf 77' lang='lat' dir='ltr'>Hegio.</span> 
     </span>
     <span class='ocr_line' id='line_1_14' title="bbox 240 1861 1284 1947; baseline 0.002 -25"><span class='ocrx_word' id='word_1_104' title='bbox 240 1861 312 1923; x_wconf 91' lang='lat' dir='ltr'>HE.</span> <span class='ocrx_word' id='word_1_105' title='bbox 338 1863 407 1947; x_wconf 84' lang='lat' dir='ltr'>Ego</span> <span class='ocrx_word' id='word_1_106' title='bbox 429 1862 540 1923; x_wconf 76' lang='lat' dir='ltr'>sedulo</span> <span class='ocrx_word' id='word_1_107' title='bbox 563 1862 648 1923; x_wconf 92' lang='lat' dir='ltr'>hunc</span> <span class='ocrx_word' id='word_1_108' title='bbox 671 1862 790 1923; x_wconf 83' lang='lat' dir='ltr'>dixisse</span> <span class='ocrx_word' id='word_1_109' title='bbox 813 1863 920 1939; x_wconf 88' lang='lat' dir='ltr'>credo;</span> <span class='ocrx_word' id='word_1_110' title='bbox 942 1866 1056 1924; x_wconf 79' lang='lat' dir='ltr'>uerum</span> <span class='ocrx_word' id='word_1_111' title='bbox 1079 1862 1171 1925; x_wconf 87' lang='lat' dir='ltr'>itast:</span> <span class='ocrx_word' id='word_1_112' title='bbox 1280 1886 1284 1894; x_wconf 81' lang='grc'><strong>’</strong></span> 
     </span>
     <span class='ocr_line' id='line_1_15' title="bbox 239 1962 1170 2043; baseline 0 -21"><span class='ocrx_word' id='word_1_113' title='bbox 239 1962 334 2038; x_wconf 84' lang='lat' dir='ltr'>Quod</span> <span class='ocrx_word' id='word_1_114' title='bbox 357 1962 512 2037; x_wconf 73' lang='lat' dir='ltr'>hemines,</span> <span class='ocrx_word' id='word_1_115' title='bbox 537 1967 588 2024; x_wconf 92' lang='lat' dir='ltr'>tot</span> <span class='ocrx_word' id='word_1_116' title='bbox 611 1963 805 2038; x_wconf 54' lang='lat' dir='ltr'>sententiaa</span> <span class='ocrx_word' id='word_1_117' title='bbox 828 1982 903 2023; x_wconf 84' lang='lat' dir='ltr'>suos</span> <span class='ocrx_word' id='word_1_118' title='bbox 926 1965 1067 2043; x_wconf 92' lang='lat' dir='ltr'>quoique</span> <span class='ocrx_word' id='word_1_119' title='bbox 1091 1983 1170 2023; x_wconf 88' lang='lat' dir='ltr'>mos.</span> 
     </span>
     <span class='ocr_line' id='line_1_16' title="bbox 240 2062 1234 2141; baseline -0.004 -18"><span class='ocrx_word' id='word_1_120' title='bbox 240 2062 318 2123; x_wconf 89' lang='lat' dir='ltr'>Mihi</span> <span class='ocrx_word' id='word_1_121' title='bbox 338 2064 403 2124; x_wconf 81' lang='lat' dir='ltr'>non</span> <span class='ocrx_word' id='word_1_122' title='bbox 423 2062 563 2137; x_wconf 86' lang='lat' dir='ltr'>uidetur,</span> <span class='ocrx_word' id='word_1_123' title='bbox 586 2062 672 2141; x_wconf 82' lang='lat' dir='ltr'>quod</span> <span class='ocrx_word' id='word_1_124' title='bbox 693 2062 735 2123; x_wconf 91' lang='lat' dir='ltr'>sit</span> <span class='ocrx_word' id='word_1_125' title='bbox 756 2062 881 2124; x_wconf 88' lang='lat' dir='ltr'>factum</span> <span class='ocrx_word' id='word_1_126' title='bbox 902 2063 1033 2140; x_wconf 75' lang='lat' dir='ltr'>legibus,</span> <span class='ocrx_word' id='word_1_127' title='bbox 1189 2079 1234 2119; x_wconf 81' lang='lat'>455</span> 
     </span>
     <span class='ocr_line' id='line_1_17' title="bbox 240 2161 1191 2241; baseline 0 -17"><span class='ocrx_word' id='word_1_128' title='bbox 240 2161 391 2224; x_wconf 84' lang='lat' dir='ltr'>Rescindi</span> <span class='ocrx_word' id='word_1_129' title='bbox 410 2181 516 2241; x_wconf 64' lang='lat' dir='ltr'>possa·</span> <span class='ocrx_word' id='word_1_130' title='bbox 534 2168 567 2224; x_wconf 89' lang='lat' dir='ltr'>et</span> <span class='ocrx_word' id='word_1_131' title='bbox 586 2164 681 2240; x_wconf 82' lang='lat' dir='ltr'>turpe</span> <span class='ocrx_word' id='word_1_132' title='bbox 699 2162 874 2241; x_wconf 90' lang='lat' dir='ltr'>inceptust.</span> <span class='ocrx_word' id='word_1_133' title='bbox 911 2163 980 2224; x_wconf 92' lang='lat' dir='ltr'>DE.</span> <span class='ocrx_word' id='word_1_134' title='bbox 1002 2163 1072 2238; x_wconf 86' lang='lat' dir='ltr'>Dic,</span> <span class='ocrx_word' id='word_1_135' title='bbox 1092 2164 1191 2225; x_wconf 89' lang='lat' dir='ltr'>Crito.</span> 
     </span>
     <span class='ocr_line' id='line_1_18' title="bbox 239 2261 1002 2344; baseline 0.001 -20"><span class='ocrx_word' id='word_1_136' title='bbox 239 2263 322 2324; x_wconf 74' lang='lat' dir='ltr'>cni.</span> <span class='ocrx_word' id='word_1_137' title='bbox 348 2263 416 2341; x_wconf 83' lang='lat' dir='ltr'>Ego</span> <span class='ocrx_word' id='word_1_138' title='bbox 442 2263 581 2340; x_wconf 65' lang='lat' dir='ltr'>simplius</span> <span class='ocrx_word' id='word_1_139' title='bbox 605 2261 851 2324; x_wconf 87' lang='lat' dir='ltr'>deliberandum</span> <span class='ocrx_word' id='word_1_140' title='bbox 877 2265 1002 2344; x_wconf 75' lang='lat' dir='ltr'>censeo:</span> 
     </span>
     <span class='ocr_line' id='line_1_19' title="bbox 239 2363 1235 2442; baseline 0.001 -18"><span class='ocrx_word' id='word_1_141' title='bbox 239 2363 304 2424; x_wconf 86' lang='lat' dir='ltr'>Res</span> <span class='ocrx_word' id='word_1_142' title='bbox 323 2364 483 2440; x_wconf 70' lang='lat' dir='ltr'>mignast.</span> <span class='ocrx_word' id='word_1_143' title='bbox 522 2363 594 2422; x_wconf 92' lang='lat' dir='ltr'>HE.</span> <span class='ocrx_word' id='word_1_144' title='bbox 620 2363 707 2423; x_wconf 92' lang='lat' dir='ltr'>Num</span> <span class='ocrx_word' id='word_1_145' title='bbox 727 2363 806 2442; x_wconf 93' lang='lat' dir='ltr'>quid</span> <span class='ocrx_word' id='word_1_146' title='bbox 826 2365 885 2424; x_wconf 81' lang='lat' dir='ltr'>nos</span> <span class='ocrx_word' id='word_1_147' title='bbox 903 2364 971 2424; x_wconf 81' lang='lat' dir='ltr'>uis?</span> <span class='ocrx_word' id='word_1_148' title='bbox 1008 2364 1078 2424; x_wconf 90' lang='lat' dir='ltr'>DE.</span> <span class='ocrx_word' id='word_1_149' title='bbox 1099 2364 1235 2426; x_wconf 84' lang='lat' dir='ltr'>Fecistis</span> 
     </span>
     <span class='ocr_line' id='line_1_20' title="bbox 321 2461 776 2541; baseline 0 -18"><span class='ocrx_word' id='word_1_150' title='bbox 321 2461 430 2541; x_wconf 90' lang='lat' dir='ltr'>probe.</span> <span class='ocrx_word' id='word_1_151' title='bbox 458 2463 594 2537; x_wconf 76' lang='lat' dir='ltr'>(Exeunt</span> <span class='ocrx_word' id='word_1_152' title='bbox 613 2463 776 2538; x_wconf 72' lang='lat' dir='ltr'>advisere).</span> 
     </span>
     <span class='ocr_line' id='line_1_21' title="bbox 239 2561 1311 2642; baseline 0.005 -20"><span class='ocrx_word' id='word_1_153' title='bbox 239 2563 396 2624; x_wconf 73' lang='lat' dir='ltr'>incertior</span> <span class='ocrx_word' id='word_1_154' title='bbox 419 2580 491 2622; x_wconf 88' lang='lat' dir='ltr'>sum</span> <span class='ocrx_word' id='word_1_155' title='bbox 515 2561 619 2623; x_wconf 81' lang='lat' dir='ltr'>multo</span> <span class='ocrx_word' id='word_1_156' title='bbox 643 2581 743 2642; x_wconf 86' lang='lat' dir='ltr'>quarn</span> <span class='ocrx_word' id='word_1_157' title='bbox 767 2563 901 2624; x_wconf 84' lang='lat' dir='ltr'>dudrim.</span> <span class='ocrx_word' id='word_1_158' title='bbox 928 2598 968 2606; x_wconf 92' lang='lat'><strong>—</strong></span> <span class='ocrx_word' id='word_1_159' title='bbox 990 2564 1056 2626; x_wconf 86' lang='lat' dir='ltr'>GE.</span> <span class='ocrx_word' id='word_1_160' title='bbox 1084 2565 1235 2642; x_wconf 65' lang='lat' dir='ltr'>(caterine</span> <span class='ocrx_word' id='word_1_161' title='bbox 1308 2561 1311 2564; x_wconf 65' lang='grc'><strong>’</strong></span> 
     </span>
     <span class='ocr_line' id='line_1_22' title="bbox 320 2654 884 2741; baseline 0.004 -19"><span class='ocrx_word' id='word_1_162' title='bbox 320 2663 400 2740; x_wconf 72' lang='lat' dir='ltr'>from</span> <span class='ocrx_word' id='word_1_163' title='bbox 421 2661 604 2740; x_wconf 79' lang='lat' dir='ltr'>Demipho&#39;s</span> <span class='ocrx_word' id='word_1_164' title='bbox 624 2662 730 2737; x_wconf 74' lang='lat' dir='ltr'>tonse)</span> <span class='ocrx_word' id='word_1_165' title='bbox 755 2654 884 2741; x_wconf 83' lang='lat' dir='ltr'>Negant</span> 
     </span>
     <span class='ocr_line' id='line_1_23' title="bbox 273 2878 1233 2945; baseline 0.004 -15"><span class='ocrx_word' id='word_1_166' title='bbox 273 2880 334 2931; x_wconf 82' lang='lat'><em>442.</em></span> <span class='ocrx_word' id='word_1_167' title='bbox 357 2878 523 2932; x_wconf 80' lang='lat' dir='ltr'>hiscc=his.</span> <span class='ocrx_word' id='word_1_168' title='bbox 546 2907 582 2914; x_wconf 88' lang='lat'><em>—</em></span> <span class='ocrx_word' id='word_1_169' title='bbox 603 2878 713 2942; x_wconf 75' lang='lat' dir='ltr'>inpedi-</span> <span class='ocrx_word' id='word_1_170' title='bbox 795 2881 857 2933; x_wconf 82' lang='lat'>451.</span> <span class='ocrx_word' id='word_1_171' title='bbox 883 2881 998 2933; x_wconf 80' lang='lat' dir='ltr'>restitui</span> <span class='ocrx_word' id='word_1_172' title='bbox 1023 2881 1054 2933; x_wconf 90' lang='lat' dir='ltr'>in</span> <span class='ocrx_word' id='word_1_173' title='bbox 1079 2881 1233 2945; x_wconf 72' lang='lat' dir='ltr'>integrum,</span> 
     </span>
     <span class='ocr_line' id='line_1_24' title="bbox 237 2961 991 3027; baseline 0 -13"><span class='ocrx_word' id='word_1_174' title='bbox 237 2963 289 3025; x_wconf 87' lang='lat' dir='ltr'>uit,</span> <span class='ocrx_word' id='word_1_175' title='bbox 310 2961 505 3027; x_wconf 82' lang='lat' dir='ltr'>“entangied.’&#39;</span> <span class='ocrx_word' id='word_1_176' title='bbox 762 2964 814 3016; x_wconf 91' lang='lat' dir='ltr'>“be</span> <span class='ocrx_word' id='word_1_177' title='bbox 831 2963 991 3016; x_wconf 84' lang='lat' dir='ltr'>annulied.”</span> 
     </span>
     <span class='ocr_line' id='line_1_25' title="bbox 273 3044 1235 3114; baseline 0.004 -18"><span class='ocrx_word' id='word_1_178' title='bbox 273 3046 333 3098; x_wconf 90' lang='lat'><em>444.</em></span> <span class='ocrx_word' id='word_1_179' title='bbox 351 3044 421 3109; x_wconf 87' lang='lat' dir='ltr'>quid</span> <span class='ocrx_word' id='word_1_180' title='bbox 438 3045 609 3109; x_wconf 79' lang='lat' dir='ltr'>sententiae,</span> <span class='ocrx_word' id='word_1_181' title='bbox 627 3047 713 3112; x_wconf 82' lang='lat' dir='ltr'>parti-</span> <span class='ocrx_word' id='word_1_182' title='bbox 772 3048 856 3104; x_wconf 86' lang='lat'><em>456.</em></span> <span class='ocrx_word' id='word_1_183' title='bbox 886 3047 1034 3110; x_wconf 74' lang='lat' dir='ltr'>inceptusc</span> <span class='ocrx_word' id='word_1_184' title='bbox 1065 3070 1094 3090; x_wconf 96' lang='lat'><strong><em>=</em></strong></span> <span class='ocrx_word' id='word_1_185' title='bbox 1126 3049 1235 3114; x_wconf 81' lang='lat' dir='ltr'>inceptu</span> 
     </span>
     <span class='ocr_line' id='line_1_26' title="bbox 238 3129 1093 3197; baseline 0.001 -16"><span class='ocrx_word' id='word_1_186' title='bbox 238 3131 295 3182; x_wconf 85' lang='lat' dir='ltr'>tivo</span> <span class='ocrx_word' id='word_1_187' title='bbox 314 3129 445 3195; x_wconf 85' lang='lat' dir='ltr'>genitive.</span> <span class='ocrx_word' id='word_1_188' title='bbox 764 3131 870 3197; x_wconf 89' lang='lat' dir='ltr'>(supine</span> <span class='ocrx_word' id='word_1_189' title='bbox 884 3130 913 3181; x_wconf 85' lang='lat' dir='ltr'>oi</span> <span class='ocrx_word' id='word_1_190' title='bbox 925 3131 1042 3196; x_wconf 79' lang='lat' dir='ltr'>incipio)</span> <span class='ocrx_word' id='word_1_191' title='bbox 1056 3138 1093 3182; x_wconf 80' lang='lat' dir='ltr'>cst</span> 
     </span>
     <span class='ocr_line' id='line_1_27' title="bbox 273 3212 1233 3276; baseline 0.004 -13"><span class='ocrx_word' id='word_1_192' title='bbox 273 3213 335 3265; x_wconf 83' lang='grc'>446.</span> <span class='ocrx_word' id='word_1_193' title='bbox 348 3212 405 3265; x_wconf 78' lang='lat' dir='ltr'>siet</span> <span class='ocrx_word' id='word_1_194' title='bbox 418 3235 446 3255; x_wconf 98' lang='lat'>=</span> <span class='ocrx_word' id='word_1_195' title='bbox 461 3213 504 3265; x_wconf 75' lang='lat' dir='ltr'>sit.</span> <span class='ocrx_word' id='word_1_196' title='bbox 794 3213 855 3266; x_wconf 80' lang='lat'><em>458.</em></span> <span class='ocrx_word' id='word_1_197' title='bbox 872 3225 943 3264; x_wconf 88' lang='lat' dir='ltr'>num</span> <span class='ocrx_word' id='word_1_198' title='bbox 960 3212 1029 3276; x_wconf 85' lang='lat' dir='ltr'>quid</span> <span class='ocrx_word' id='word_1_199' title='bbox 1044 3227 1097 3267; x_wconf 83' lang='lat' dir='ltr'>nos</span> <span class='ocrx_word' id='word_1_200' title='bbox 1113 3215 1173 3270; x_wconf 81' lang='lat' dir='ltr'>uis:</span> <span class='ocrx_word' id='word_1_201' title='bbox 1189 3232 1233 3267; x_wconf 85' lang='lat' dir='ltr'>see</span> 
     </span>
     <span class='ocr_line' id='line_1_28' title="bbox 273 3295 949 3360; baseline 0.003 -14"><span class='ocrx_word' id='word_1_202' title='bbox 273 3296 333 3348; x_wconf 86' lang='grc'>447.</span> <span class='ocrx_word' id='word_1_203' title='bbox 346 3295 415 3360; x_wconf 85' lang='lat' dir='ltr'>quid</span> <span class='ocrx_word' id='word_1_204' title='bbox 425 3308 494 3360; x_wconf 77' lang='lat' dir='ltr'>ago:</span> <span class='ocrx_word' id='word_1_205' title='bbox 504 3295 551 3348; x_wconf 91' lang='lat' dir='ltr'>the</span> <span class='ocrx_word' id='word_1_206' title='bbox 562 3296 712 3349; x_wconf 88' lang='lat' dir='ltr'>indicative</span> <span class='ocrx_word' id='word_1_207' title='bbox 760 3303 825 3348; x_wconf 83' lang='lat' dir='ltr'>note</span> <span class='ocrx_word' id='word_1_208' title='bbox 839 3313 875 3347; x_wconf 93' lang='lat' dir='ltr'>on</span> <span class='ocrx_word' id='word_1_209' title='bbox 891 3299 949 3348; x_wconf 91' lang='lat'>151.</span> 
     </span>
    </p>
   </div>
   <div class='ocr_carea' id='block_1_3' title="bbox 238 3379 1233 3533">
    <p class='ocr_par' dir='ltr' id='par_1_3' title="bbox 238 3379 1233 3533">
     <span class='ocr_line' id='line_1_29' title="bbox 238 3379 1233 3447; baseline 0.003 -17"><span class='ocrx_word' id='word_1_210' title='bbox 238 3381 260 3430; x_wconf 90' lang='lat' dir='ltr'>is</span> <span class='ocrx_word' id='word_1_211' title='bbox 276 3379 436 3445; x_wconf 87' lang='lat' dir='ltr'>frequently</span> <span class='ocrx_word' id='word_1_212' title='bbox 452 3379 519 3431; x_wconf 81' lang='lat' dir='ltr'>used</span> <span class='ocrx_word' id='word_1_213' title='bbox 535 3381 563 3431; x_wconf 91' lang='lat' dir='ltr'>in</span> <span class='ocrx_word' id='word_1_214' title='bbox 580 3379 713 3431; x_wconf 84' lang='lat' dir='ltr'>delibera·</span> <span class='ocrx_word' id='word_1_215' title='bbox 795 3380 856 3432; x_wconf 83' lang='lat'><em>459.</em></span> <span class='ocrx_word' id='word_1_216' title='bbox 896 3379 1014 3443; x_wconf 84' lang='lat' dir='ltr'>dudum,</span> <span class='ocrx_word' id='word_1_217' title='bbox 1057 3381 1233 3447; x_wconf 81' lang='lat' dir='ltr'>“fonnerIy.”</span> 
     </span>
     <span class='ocr_line' id='line_1_30' title="bbox 238 3463 1233 3533; baseline 0 -18"><span class='ocrx_word' id='word_1_218' title='bbox 238 3465 295 3515; x_wconf 84' lang='lat' dir='ltr'>tive</span> <span class='ocrx_word' id='word_1_219' title='bbox 307 3463 449 3528; x_wconf 83' lang='lat' dir='ltr'>questions</span> <span class='ocrx_word' id='word_1_220' title='bbox 459 3463 487 3514; x_wconf 91' lang='lat' dir='ltr'>in</span> <span class='ocrx_word' id='word_1_221' title='bbox 497 3463 574 3528; x_wconf 85' lang='lat' dir='ltr'>carly</span> <span class='ocrx_word' id='word_1_222' title='bbox 584 3463 714 3516; x_wconf 77' lang='lat' dir='ltr'>Latin-</span> <span class='ocrx_word' id='word_1_223' title='bbox 760 3463 817 3514; x_wconf 88' lang='lat' dir='ltr'>The</span> <span class='ocrx_word' id='word_1_224' title='bbox 829 3465 1052 3533; x_wconf 83' lang='lat' dir='ltr'>impressiveness</span> <span class='ocrx_word' id='word_1_225' title='bbox 1065 3465 1131 3517; x_wconf 86' lang='lat' dir='ltr'>with</span> <span class='ocrx_word' id='word_1_226' title='bbox 1144 3464 1233 3517; x_wconf 90' lang='lat' dir='ltr'>which</span> 
     </span>
    </p>
   </div>
   <div class='ocr_carea' id='block_1_4' title="bbox 237 3545 1334 3608">
    <p class='ocr_par' dir='ltr' id='par_1_4' title="bbox 237 3545 1334 3608">
     <span class='ocr_line' id='line_1_31' title="bbox 237 3545 1334 3608; baseline 0.001 -8"><span class='ocrx_word' id='word_1_227' title='bbox 237 3545 386 3600; x_wconf 74' lang='lat' dir='ltr'>orcum</span> <span class='ocrx_word' id='word_1_228' title='bbox 401 3558 513 3608; x_wconf 81' lang='lat' dir='ltr'>censeo,</span> <span class='ocrx_word' id='word_1_229' title='bbox 530 3563 568 3597; x_wconf 90' lang='lat' dir='ltr'>sc.</span> <span class='ocrx_word' id='word_1_230' title='bbox 584 3547 676 3598; x_wconf 80' lang='lat' dir='ltr'>dicere.</span> <span class='ocrx_word' id='word_1_231' title='bbox 760 3546 807 3598; x_wconf 89' lang='lat' dir='ltr'>the</span> <span class='ocrx_word' id='word_1_232' title='bbox 826 3548 946 3599; x_wconf 78' lang='lat' dir='ltr'>advocati</span> <span class='ocrx_word' id='word_1_233' title='bbox 962 3547 1067 3600; x_wconf 87' lang='lat' dir='ltr'>deliver</span> <span class='ocrx_word' id='word_1_234' title='bbox 1083 3548 1156 3600; x_wconf 87' lang='lat' dir='ltr'>their</span> <span class='ocrx_word' id='word_1_235' title='bbox 1173 3565 1233 3599; x_wconf 89' lang='lat' dir='ltr'>use·</span> <span class='ocrx_word' id='word_1_236' title='bbox 1330 3598 1334 3602; x_wconf 19' lang='lat'>4</span> 
     </span>
    </p>
   </div>
   <div class='ocr_carea' id='block_1_5' title="bbox 238 3628 1234 3782">
    <p class='ocr_par' dir='ltr' id='par_1_5' title="bbox 238 3628 1234 3782">
     <span class='ocr_line' id='line_1_32' title="bbox 273 3628 1234 3696; baseline 0.001 -15"><span class='ocrx_word' id='word_1_237' title='bbox 273 3630 334 3682; x_wconf 87' lang='grc'>449.</span> <span class='ocrx_word' id='word_1_238' title='bbox 349 3629 457 3681; x_wconf 77' lang='lat' dir='ltr'>intem</span> <span class='ocrx_word' id='word_1_239' title='bbox 472 3632 562 3691; x_wconf 75' lang='lat' dir='ltr'>tuam,</span> <span class='ocrx_word' id='word_1_240' title='bbox 581 3628 628 3680; x_wconf 88' lang='lat' dir='ltr'>“to</span> <span class='ocrx_word' id='word_1_241' title='bbox 644 3645 714 3695; x_wconf 88' lang='lat' dir='ltr'>your</span> <span class='ocrx_word' id='word_1_242' title='bbox 760 3630 812 3681; x_wconf 88' lang='lat' dir='ltr'>less</span> <span class='ocrx_word' id='word_1_243' title='bbox 835 3631 962 3696; x_wconf 91' lang='lat' dir='ltr'>opinions</span> <span class='ocrx_word' id='word_1_244' title='bbox 986 3632 1008 3682; x_wconf 86' lang='lat' dir='ltr'>is</span> <span class='ocrx_word' id='word_1_245' title='bbox 1032 3630 1180 3683; x_wconf 88' lang='lat' dir='ltr'>conceived</span> <span class='ocrx_word' id='word_1_246' title='bbox 1204 3631 1234 3682; x_wconf 87' lang='lat' dir='ltr'>in</span> 
     </span>
     <span class='ocr_line' id='line_1_33' title="bbox 238 3713 1078 3782; baseline 0.002 -16"><span class='ocrx_word' id='word_1_247' title='bbox 238 3713 382 3766; x_wconf 88' lang='lat' dir='ltr'>interest.’&#39;</span> <span class='ocrx_word' id='word_1_248' title='bbox 760 3713 904 3766; x_wconf 87' lang='lat' dir='ltr'>Terenee&#39;s</span> <span class='ocrx_word' id='word_1_249' title='bbox 920 3714 981 3768; x_wconf 86' lang='lat' dir='ltr'>best</span> <span class='ocrx_word' id='word_1_250' title='bbox 997 3713 1078 3782; x_wconf 86' lang='lat' dir='ltr'>style.</span> 
     </span>
    </p>
   </div>
   <div class='ocr_carea' id='block_1_6' title="bbox 0 0 1484 4400">
    <p class='ocr_par' dir='ltr' id='par_1_6' title="bbox 0 0 1484 4400">
     <span class='ocr_line' id='line_1_34' title="bbox 0 0 1484 4400; baseline 0 0"><span class='ocrx_word' id='word_1_251' title='bbox 0 0 1484 4400; x_wconf 95' lang='lat' dir='ltr'> </span> 
     </span>
    </p>
   </div>
  </div>
 </body>
</html>
