2959 4400
215 496 278 552 Aer
290 497 346 564 111,
361 498 407 554 Sc.
426 499 450 568 1]
608 509 789 555 ’racemo
1174 494 1214 558 37

786 591 795 618 1

215 683 302 746 (ledo
323 683 413 760 dum,
436 703 636 765 enumquam
657 683 850 744 iniuriarum
872 684 993 746 audisti
1015 685 1095 746 mihi
1115 685 1213 763 serip-

298 785 370 846 tam
389 784 515 847 dicam?

216 883 282 947 Ga.
306 883 370 961 Qui
390 885 492 946 istuc?
529 884 601 945 PH.
624 883 708 959 Quia
727 904 793 951 non
813 886 882 946 rete
901 884 1047 962 accipitri
1067 885 1214 947 tennitur

299 1003 405 1065 neque
424 984 533 1061 miluo,
1167 1001 1214 1042 sao

217 1085 280 1161 Qui
302 1084 385 1146 male
407 1081 532 1146 faciunt
553 1084 659 1160 nebis3
681 1084 820 1165 illisqui
842 1085 886 1147 nil
908 1084 1034 1146 faciunt
1055 1086 1213 1160 tennitur,

217 1185 302 1260 Quia
321 1185 407 1246 enim
427 1185 460 1246 in
480 1184 541 1245 illis
560 1183 686 1246 fructus
705 1189 765 1259 est,
786 1185 820 1245 in
839 1184 900 1244 illis
920 1205 1018 1262 opera
1038 1184 1170 1246 luditur.
1225 1236 1227 1239 .

217 1266 296 1346 liliis
314 1284 443 1346 aliunde
461 1287 510 1346 est
527 1284 693 1363 periclum,
712 1284 799 1346 unde
817 1284 939 1363 aliquid
958 1284 1071 1346 abradi
1088 1291 1213 1362 potest:

217 1383 296 1446 Mihi
318 1384 425 1464 sciunt
446 1384 525 1446 nihil
548 1386 625 1446 esse.
670 1383 757 1445 dices
780 1383 916 1446 ‘ducent
938 1383 1133 1446 damnatum
1156 1384 1214 1446 do-

300 1485 419 1547 mum';

216 1565 310 1646 Alere
334 1584 450 1646 nolunt
475 1584 638 1646 hominem
663 1584 806 1661 edacem,
831 1590 865 1647 et
889 1584 1021 1662 sapiunt
1046 1604 1118 1646 mea
1142 1605 1213 1646 sen-

299 1685 414 1760 tentia,
1167 1701 1213 1742 aas

218 1784 280 1847 Pro
302 1784 459 1846 maleficio
481 1786 507 1845 sl
529 1784 720 1846 beneficium
743 1786 908 1845 summum
930 1784 1046 1847 nolunt
1068 1785 1211 1847 reddere.

217 1883 282 1947 GE.
308 1884 382 1958 Ndn
406 1890 516 1962 potest
541 1883 621 1950 satis
645 1904 704 1961 pro
729 1883 845 1945 merito
871 1883 913 1946 ab
938 1884 992 1945 illo
1017 1884 1078 1946 tibi
1103 1884 1213 1946 referri

300 1984 414 2063 gratia.
491 2009 493 2013 ’
693 2047 697 2052 .

158 2084 160 2088 ’
217 2083 290 2147 PH.
315 2067 420 2145 immo
442 2085 527 2146 enim
550 2104 646 2146 nemo
667 2084 748 2145 satis
768 2103 827 2162 pro
849 2084 965 2146 merito
986 2085 1125 2162 gratiam
1147 2086 1214 2164 regi

300 2185 406 2247 refert.

216 2286 303 2347 Tene
312 2285 517 2363 asymbolum
526 2286 636 2348 uenire
644 2292 782 2347 unctum
795 2287 895 2366 atque
904 2285 1030 2347 lautum
1039 2305 1057 2347 e
1066 2284 1211 2361 balineis,

252 2503 314 2555 329.
332 2502 403 2555 oudo
420 2501 499 2565 dum,
520 2502 625 2566 “come,
644 2500 692 2553 tell
739 2501 883 2564 -abradi
907 2501 960 2554 “be
986 2502 1134 2567 exacted,”
1160 2502 1212 2560 lit..

218 2586 291 2639 me.”
320 2580 388 2638 This
401 2584 512 2637 enclitic
526 2585 592 2636 dum
602 2584 625 2636 is
641 2584 693 2637 ire-
742 2584 876 2651 “scraped
889 2583 957 2638 off.''

218 2668 336 2735 quently
365 2667 434 2721 used
476 2666 544 2720 with
575 2667 691 2735 impera·
773 2668 835 2721 333.
874 2661 1115 2734 potina-referre
1154 2684 1214 2735 cra-

219 2752 290 2804 tives
304 2779 342 2789 -
356 2762 532 2815 enumquam
557 2752 694 2815 (cal-amn
739 2751 807 2803 tium
832 2767 929 2804 means
957 2751 1006 2804 “to
1032 2749 1110 2803 show
1136 2752 1213 2803 one’s

204 2834 323 2901 'camma
348 2847 385 2886 en
408 2834 478 2886 adds
501 2834 638 2901 intensity
661 2838 692 2887 to
740 2833 910 2900 gratitude.'’

218 2916 266 2971 the
288 2916 631 2985 question-iniuriarum
652 2911 694 2969 di·
773 2917 835 2970 333.
855 2916 946 2970 immo
965 2918 989 2969 is
1008 2916 1078 2970 used
1098 2916 1162 2971 here
1183 2924 1214 2971 to

218 3013 291 3063 uam,
305 3000 465 3053 “anaction
478 2999 692 3065 iordamages.”
740 3000 884 3053 introduce
916 3017 935 3053 a
966 3017 1043 3053 more
1075 3001 1214 3068 sweeping
1286 3039 1288 3042 -

217 3082 402 3148 -scripusm
422 3100 467 3135 see
487 3088 553 3135 note
573 3099 610 3134 on
634 3084 692 3135 127.
739 3088 892 3136 statement
905 3083 975 3136 than
987 3082 1052 3137 that
1064 3084 1213 3137 contained

252 3167 314 3219 330.
351 3165 409 3231 qui,
446 3164 694 3233 “whyl”—tcnni·
740 3167 769 3218 in
780 3166 827 3219 the
837 3168 966 3233 previous
975 3166 1039 3221 line.
1058 3167 1213 3232 Translate,

218 3252 297 3304 tur-
312 3250 437 3303 tendum.
742 3249 810 3316 “say
827 3250 1058 3315 rather.''-regi:
1076 3268 1093 3303 a
1111 3256 1213 3317 patron

173 3365 175 3369 ·
252 3334 314 3387 332.
328 3332 441 3386 animis
454 3332 613 3400 frequently
624 3332 693 3385 used
740 3333 763 3385 is
778 3334 936 3386 sometimes
953 3333 1040 3386 called
1056 3350 1110 3388 rec.
1311 3386 1315 3392 ,

218 3416 287 3470 with
296 3418 370 3493 quio.
398 3416 544 3469 Translate
555 3416 692 3470 “indeed'’
774 3417 835 3468 333.
845 3416 899 3468 For
921 3423 1140 3470 -neseenoteon
1155 3420 1213 3471 153.

218 3499 374 3563 —truetua
397 3499 528 3566 “profit”
738 3498 970 3564 -asymbolum
991 3496 1158 3570 ἀσύμβολος
1190 3501 1214 3553 is

253 3583 314 3636 333.
326 3582 450 3647 aliunde,
463 3583 554 3635 “imm
564 3581 693 3637 different
739 3582 870 3651 properly
884 3582 953 3635 used
968 3584 999 3636 of
1013 3600 1066 3637 one
1081 3584 1139 3635 who
1153 3585 1214 3635 dces

218 3665 452 3721 sources.”-The
484 3665 575 3720 clause
606 3666 694 3720 intro·
740 3673 786 3719 not
812 3667 957 3720 mntnlrutc
982 3667 1113 3735 anythinq
1139 3672 1175 3720 to·
1197 3684 1214 3720 a

218 3748 309 3803 duced
325 3750 365 3817 by
380 3749 458 3803 unde
476 3749 602 3817 qualifies
618 3751 692 3804 aliis.
741 3750 822 3805 least.
864 3750 1019 3815 Translate,
1037 3750 1213 3804 “scot-freess’
