2959 4400
207 522 268 575 Aer
282 522 375 611 V,·Sc.
391 524 417 588 8]
564 519 565 524 ’
616 534 771 577 rnoansso
1161 522 1200 580 91

208 711 277 772 ΒΕ.
303 707 426 779 Maldm
448 708 536 788 quod
558 708 612 769 isti
634 708 667 769 di
689 706 833 786 deaeque
855 710 967 769 omnes
988 706 1093 770 duint.
1193 755 1198 763 .

208 810 356 873 Tantane
377 807 543 869 adfectum
563 809 761 887 quemquam
781 826 849 869 esse
869 807 1032 868 hominem
1053 807 1202 869 audicio!

210 910 283 971 Non
304 910 363 971 hoc
386 907 562 986 publicitus
583 907 686 968 scelus
707 906 780 967 hinc
802 904 996 985 asportarier

210 1012 248 1071 ln
264 1010 347 1070 solas
361 1012 476 1070 terras!
514 1006 584 1069 CH.
604 1007 704 1081 (aeide
718 1014 747 1068 to
763 1007 931 1087 Demipho)
951 991 989 1067 in
1004 1007 1037 1069 id
1053 1008 1204 1069 redactus

237 1185 239 1189 Ι
293 1110 364 1171 sum
385 1108 454 1183 loci,
767 1165 770 1172 ,
1159 1124 1205 1165 oro

209 1209 253 1271 Vt
266 1209 344 1289 quid
357 1228 450 1287 agam
463 1228 537 1269 eum
552 1208 606 1269 illo
621 1208 762 1270 nesciam
771 1227 929 1286 prorsum.
966 1209 1036 1269 DE.
1048 1193 1204 1287 Egoscio:

212 1310 250 1371 In
269 1310 319 1370 ius
336 1311 460 1370 eamus!
497 1308 570 1370 PH.
593 1292 631 1369 ln
651 1308 719 1369 ius?
754 1309 827 1384 huo,
846 1309 971 1389 siquid
991 1308 1090 1371 lubet.
1114 1309 1205 1392 (Goee

293 1410 406 1470 toward
427 1408 579 1471 Chremes’
602 1409 720 1483 house).

210 1510 280 1572 CH.
305 1509 497 1589 Adsequere‚
528 1510 640 1584 retine,
669 1509 749 1570 dum
777 1529 836 1589 ego
864 1509 926 1571 huc
954 1529 1065 1573 seruos
1093 1511 1203 1572 §uoco

296 1609 464 1687 (Demipho
484 1611 577 1669 scires
598 1609 760 1685 Phormio)

211 1710 280 1770 Du.
305 1709 400 1771 Enim
418 1711 543 1789 nequeo
560 1710 659 1770 solus:
693 1710 835 1772 adcurre.
857 1710 1015 1786 (Chremes
1031 1712 1115 1772 tohes
1132 1712 1204 1772 hold

293 1810 325 1888 of
344 1807 505 1884 Phormio)
528 1809 600 1870 PH.
626 1810 668 1885 (to
688 1810 856 1889 Demipho)
879 1812 952 1872 Vna
971 1810 1120 1872 iniuriast

210 1910 339 1971 Tecum.
384 1910 453 1971 DE.
478 1910 561 1989 Lege
583 1909 671 1989 agito
691 1930 776 1989 ergo.
820 1911 892 1972 PH.
916 1893 1060 1973 Alterast
1081 1912 1204 1986 tecum,

293 2010 453 2072 Chremes,
1134 2028 1206 2070 osc

211 2110 282 2173 CH.
307 2113 400 2189 Rape
409 2113 504 2173 himo.
529 2112 601 2173 PH.
613 2112 663 2174 Sic
673 2112 787 2191 agitis?
809 2112 1101 2174 enimuerouocest
1110 2131 1205 2191 opus:

211 2213 426 2295 Nausistrata,
449 2213 513 2276 exi!
554 2213 623 2275 CH.
647 2214 691 2275 Os
712 2214 858 2292 opprime
878 2215 1045 2292 inpurum:
1085 2215 1162 2276 uide

211 2315 379 2393 Quantum
395 2315 493 2376 ualet.
533 2313 605 2374 PH.
625 2313 844 2375 Nausistrata!
860 2313 1004 2394 inquam.
1043 2314 1113 2376 DE.
1132 2314 1205 2377 Non

292 2419 399 2476 taces?

209 2514 282 2575 PH.
307 2515 465 2575 Tacehm?
504 2513 574 2574 DD.
596 2513 665 2573 Nisi
683 2514 840 2593 sequitur,
860 2516 985 2593 pugnos
1003 2515 1037 2576 in
1055 2521 1205 2576 uentrem

291 2616 407 2691 ingere.
1154 2619 1160 2628 '

211 2714 282 2774 PH.
306 2712 364 2775 Vel
384 2713 513 2775 oculum
533 2714 681 2791 exculpe:
719 2720 768 2775 est
788 2714 843 2776 ubi
861 2733 921 2775 uos
939 2713 1075 2776 ulciscar
1093 2715 1202 2794 probe.

211 2933 278 2995 tlon,
298 2930 461 2983 introduced
480 2930 518 2996 by
536 2931 681 2994 incensam,
764 2933 826 2984 979.
844 2933 876 2984 in
898 2932 929 2985 id
952 2932 1015 2996 loci,
1040 2939 1071 2986 to
1095 2933 1164 2986 such
1188 2951 1205 2986 a

210 3015 232 3065 is
250 3013 318 3080 kept
336 3031 383 3080 up.
730 3017 880 3082 position.”

243 3098 305 3149 976.
331 3095 449 3160 melum,
477 3114 513 3149 an
550 3097 683 3163 impreca-
764 3099 1117 3164 coemeseumprorsum,
1133 3100 1204 3152 “I’m

210 3179 278 3233 tion.
328 3179 377 3231 See
415 3185 480 3232 note
518 3197 554 3232 on
587 3183 686 3234 723.—
730 3182 835 3246 utterly
849 3189 880 3235 at
894 3200 911 3234 a
925 3183 979 3234 loss
994 3190 1024 3236 to
1039 3182 1151 3238 know.''

209 3261 297 3326 quod:
348 3260 395 3315 the
445 3262 611 3318 antecedent
660 3265 683 3316 is
764 3265 826 3317 983.
844 3265 922 3317 enim
935 3269 1057 3331 nequeo,
1076 3267 1203 3334 “why,1

209 3345 320 3398 molum.
627 3406 630 3411 ,
730 3349 981 3413 oan't.''-iniuria,
1015 3351 1129 3403 “action
1161 3351 1205 3404 lor

243 3428 304 3481 977.
340 3427 505 3482 Accusative
540 3429 608 3483 with
641 3433 683 3483 in·
729 3431 863 3485 assault.’'

210 3510 316 3562 finitive
334 3513 362 3564 in
381 3512 575 3567 exclamation.
763 3515 826 3568 985.
836 3517 998 3580 enimuero,
1010 3518 1061 3569 “of
1068 3535 1085 3570 a
1094 3518 1203 3572 truth.”

243 3595 305 3646 978.
352 3593 407 3648 hoc
453 3594 555 3659 scelus,
605 3596 682 3649 “this
763 3600 825 3652 986.
843 3601 980 3665 opprime,
998 3601 1114 3655 “shut'’

209 3675 381 3731 sccundrel.”
401 3708 437 3716 —
456 3680 629 3744 asportatio
658 3704 678 3719 =
764 3683 1203 3752 988.pugnoeingere‚“punoh.”

209 3761 350 3826 asportari.
764 3766 826 3819 989.
840 3770 887 3819 est
897 3765 957 3831 ubi,
972 3769 1069 3822 “some
1082 3768 1167 3838 day.'’
