2959 4400
208 551 269 604 Aer
284 551 316 615 V,
332 553 377 605 Sc.
393 553 419 617 2]
626 562 781 606 erronum
1163 547 1202 608 75

124 767 125 770 “
208 736 305 811 Geta3
334 738 485 815 praesens
515 736 602 815 quod
631 735 737 797 iuerat
768 735 900 811 malum,
930 736 963 797 in
992 736 1077 797 diem
1107 736 1201 811 abitu

290 836 404 914 plagae
425 838 583 911 crescunt,

208 936 277 997 Nisi
304 936 468 1015 prospieis.
518 955 603 997 nunc
631 937 704 998 hinc
731 936 865 997 domum
893 935 946 997 ibo
974 956 1010 997 ao
1038 935 1199 997 Phanium

290 1036 442 1112 edocebo

209 1136 256 1198 Ne
281 1136 359 1215 quid
383 1143 534 1198 uersatur
558 1136 785 1199 Phormionem
809 1141 867 1198 aut
891 1137 986 1198 huius
1010 1135 1199 1197 orationem.

293 1236 380 1312 (Exti
399 1238 465 1298 into
485 1237 667 1317 Demipho's
687 1237 805 1315 house.)

627 1456 740 1518 Sonus
763 1458 782 1515 2

261 1622 436 1675 Nausistrata
447 1640 554 1676 assures
572 1623 708 1689 Demipho
724 1622 753 1673 oi
769 1622 817 1674 her
829 1622 992 1689 willingness
1008 1630 1038 1675 to
1055 1621 1119 1688 help
1136 1621 1202 1674 him.

207 1706 241 1757 In
260 1724 361 1773 money
380 1712 504 1771 matterS,
525 1706 659 1770 however,
679 1706 727 1758 she
747 1706 770 1757 is
788 1711 839 1757 not
858 1706 919 1758 able
939 1713 969 1759 to
988 1706 1069 1759 assist
1089 1705 1148 1757 him
1168 1722 1199 1757 as

207 1790 289 1841 much
303 1807 333 1841 as
348 1789 477 1855 formerly
490 1806 526 1841 on
540 1796 658 1842 account
672 1788 701 1841 oi
714 1789 763 1841 her
776 1789 927 1841 husband's
941 1789 1055 1841 careless
1070 1804 1201 1853 manage·

207 1879 284 1925 ment
300 1872 329 1923 oi
345 1872 393 1925 her
409 1878 506 1925 estate.

279 2008 370 2074 [Eam
386 2007 519 2074 Demipho
535 2008 589 2059 aad
605 2007 780 2059 Nausistrata
795 2009 863 2073 from
880 2006 1011 2060 Chremec’
1028 2006 1128 2070 hocca]
1225 2035 1234 2051 ·.
1337 2053 1340 2058 .

457 2160 612 2204 DEMIPHO
723 2160 953 2204 NAVSISTRATA

207 2248 276 2322 ΒΕ.
302 2261 470 2339 Agedum,
485 2261 522 2321 rit
535 2260 626 2336 soles,
643 2259 859 2334 Nausistrata,
873 2259 924 2321 iac
938 2259 991 2320 illa
1004 2261 1041 2320 rit
1054 2258 1202 2337 placetur

291 2361 393 2436 nobis,

207 2463 250 2524 Vt
270 2464 328 2522 sua
346 2461 518 2523 uoluntate
537 2461 570 2522 id
589 2461 676 2542 quod
696 2465 745 2522 est
764 2459 954 2522 faciundum
974 2459 1083 2522 iaciat.
1125 2458 1200 2522 NA.

291 2561 431 2623 Faciam.
1156 2575 1202 2619 785

208 2663 277 2723 DE,
302 2663 426 2724 Pariter
454 2681 539 2722 nunc
569 2680 666 2740 opera
695 2680 747 2722 me
775 2661 920 2736 adiuuere,
950 2681 987 2722 ac
1015 2663 1049 2722 re
1077 2659 1202 2722 dudum

230 2777 232 2781 '
291 2763 453 2840 opitulata
473 2781 515 2823 es,

208 2862 281 2925 NA.
308 2863 445 2925 Factum
460 2862 548 2938 uolo;
565 2881 601 2924 ac
616 2861 669 2941 pol
685 2862 793 2922 minus
808 2880 891 2941 queo
905 2861 966 2923 uiri
982 2860 1086 2939 culpa,
1103 2880 1202 2941 quarn

291 2983 341 3024 me
361 2963 537 3041 dignumst.

208 3065 277 3124 DE.
302 3063 388 3139 Quid
416 3065 546 3125 autem?
600 3061 674 3125 NA.
705 3062 790 3139 Quia
817 3062 871 3142 pol
900 3063 963 3124 mei
991 3061 1094 3140 patris
1121 3060 1203 3122 bene

290 3165 385 3242 parta
404 3163 609 3242 indiligenter

208 3381 360 3446 Translate,
375 3383 452 3447 “you
468 3382 521 3433 will
541 3382 622 3446 (have
638 3383 681 3445 to)
733 3424 737 3435 .
767 3423 772 3434 .
800 3424 805 3434 .
831 3381 957 3433 as,’'—re
993 3380 1076 3431 reicis
1101 3384 1131 3430 to
1156 3377 1203 3430 the

209 3481 265 3530 pay
289 3464 336 3516 the
360 3482 420 3517 new
444 3465 512 3518 debt
540 3464 618 3530 (with
641 3467 682 3517 in-
730 3480 832 3531 money
867 3463 915 3516 she
951 3462 1007 3515 had
1043 3463 1100 3514 lent
1136 3460 1203 3513 him.

209 3549 335 3600 terestr’
730 3549 771 3601 Cf.
790 3567 816 3611 v,
834 3550 895 3600 681.

243 3632 305 3683 783.
322 3630 418 3694 liniue,
432 3631 616 3684 Nausistrata.
765 3632 826 3684 787.
850 3630 962 3684 iactum
986 3628 1065 3693 uolo,
1086 3629 1201 3695 “you're

243 3715 303 3766 784.
322 3715 378 3778 illa,
394 3715 540 3768 Phanium.
730 3715 888 3778 welcome,'’
921 3714 971 3775 lit,
1006 3714 1041 3764 “I
1074 3717 1149 3764 want
1180 3712 1203 3762 it

243 3799 304 3851 786.
323 3799 431 3864 pariter
453 3837 459 3851 .
484 3838 489 3850 .
514 3812 583 3862 ,aa
601 3797 681 3864 “just
730 3797 830 3862 done,'’
844 3816 861 3850 a
875 3797 1021 3864 colloquial
1033 3795 1201 3862 expression.
