2959 4400
269 446 309 507 78
690 462 838 505 reanum
1052 453 1122 519 [Aer
1137 452 1170 518 V,
1185 454 1231 507 Sc.
1248 457 1265 507 3

269 636 392 697 Etmus
410 636 451 698 ad
470 636 588 703 insam:
607 655 674 698 una
692 637 797 697 omnis
815 656 873 697 nos
892 642 949 698 aut
967 638 1047 698 scire
1065 643 1123 699 aut
1141 639 1263 700 nescire

351 736 411 797 hoc
431 736 515 797 uolo.
559 736 628 797 CH.
653 737 713 798 Ah.
1088 802 1091 810 ,

268 836 337 897 DE.
363 836 448 912 Quid
476 838 544 898 est?
593 836 663 897 CH.
693 837 769 898 Itan
797 857 933 915 paruam
961 837 1040 899 mihi
1068 838 1165 901 fidem
1193 858 1262 900 esse

351 936 439 1015 apud
463 940 509 998 te!
557 937 626 1017 DE.
653 937 716 998 Vin
742 957 793 999 me
819 938 964 999 credere?
1215 955 1262 1014 aro

266 1036 330 1099 Vin
352 1037 432 1098 satis
453 1038 638 1117 quaesitum
660 1039 704 1097 mi
725 1038 810 1099 istuc
830 1041 917 1099 esse?
959 1058 1027 1116 age,
1049 1039 1120 1100 fiat.
1163 1039 1262 1118 quid?

350 1137 405 1199 illa
424 1137 492 1199 filia

267 1238 372 1299 Amici
387 1239 490 1299 nostri
507 1240 584 1319 quid
601 1239 801 1301 futurumst?
838 1239 907 1299 CH.
926 1240 1037 1300 Recte.
1077 1239 1146 1301 DE.
1166 1240 1261 1301 Hanc

349 1337 448 1416 igitur
468 1339 648 1400 mittimus?

266 1438 337 1501 ou.
361 1439 447 1515 oure
467 1439 519 1500 nir
559 1439 628 1500 or.
652 1423 711 1501 ira
730 1443 882 1501 maneat?
922 1439 991 1501 ou.
1013 1442 1073 1503 sn.
1117 1439 1187 1501 or.
1209 1441 1261 1502 ne

349 1540 448 1618 igitur
466 1539 527 1601 tibi
548 1540 631 1617 licet,
654 1539 870 1602 Nausistrata.

267 1639 342 1702 NA.
367 1641 418 1703 Sic
437 1640 490 1719 pol
510 1641 711 1702 commodius
730 1643 798 1701 risse
816 1640 850 1701 in
868 1640 973 1701 omnis
992 1640 1140 1716 arbitror,
1160 1660 1260 1721 quarn

348 1747 386 1803 ut
407 1743 566 1820 coeperas

266 1840 396 1903 Manere
411 1843 508 1917 hanc;
525 1862 601 1903 nam
618 1841 815 1919 perliberalis
829 1844 942 1918 uisast,
960 1862 1058 1922 quom
1074 1842 1152 1917 uidi,
1170 1842 1258 1902 mihi.

352 1942 440 2017 (Erit
459 1943 525 2003 into
545 1942 698 2004 Chremes'
719 1943 838 2017 house.)
1214 1958 1260 1999 815

266 2040 335 2102 DE.
360 2042 446 2119 Quid
462 2042 546 2104 istuc
562 2042 723 2120 negotist?
759 2042 829 2104 CH.
848 2043 961 2105 Iamne
977 2042 1104 2121 operuit
1120 2042 1261 2103 ostium?

348 2142 418 2204 DE.
443 2143 524 2206 Iam.
568 2143 637 2205 CH.
663 2143 870 2222 Oluppiter‚

266 2243 308 2304 Di
330 2245 390 2306 nos
412 2243 602 2322 respiciunt:
650 2246 783 2322 gnatam
807 2244 917 2304 inueni
940 2246 1079 2322 nuptam
1103 2263 1177 2304 cum
1201 2249 1260 2304 tuo

348 2344 424 2407 iiiio.
468 2345 538 2406 DE.
563 2345 657 2407 Hem.

265 2445 337 2521 Quo
351 2447 450 2524 picto
464 2445 592 2524 potuit?
627 2445 697 2521 CH.
716 2445 790 2506 Nou
804 2444 884 2506 satis
898 2451 992 2507 tutus
1007 2447 1055 2506 est
1071 2443 1111 2507 ad
1127 2463 1260 2506 narran-
1317 2468 1320 2479 ·

347 2545 426 2607 dum
447 2546 498 2607 hic
519 2544 616 2606 locus

265 2645 333 2706 DE.
359 2646 403 2708 At
422 2652 459 2708 tu
480 2648 568 2707 intro
588 2645 650 2708 abi.
694 2646 763 2708 CH.
786 2646 886 2721 Heus,
908 2665 948 2706 ne
967 2645 1026 2706 filii
1046 2645 1177 2725 quidem
1198 2644 1258 2705 hoc

348 2747 449 2808 nestri
477 2745 651 2808 resciscant
678 2746 762 2807 uolo
822 2747 957 2820 (Eseont
984 2747 1049 2806 into
1077 2745 1259 2824 Demipho's

346 2848 465 2922 house.)

299 3066 361 3118 011.
379 3063 428 3126 illi,
445 3063 506 3118 111111
529 3075 536 3118 :
555 3081 599 3117 see
618 3071 683 3117 note
703 3081 739 3115 on
822 3065 883 3117 813.
896 3065 938 3116 ire
955 3062 1175 3117 :Nausistrata’s
1186 3081 1260 3116 serv·

267 3151 325 3202 137.
787 3148 842 3200 ices
863 3165 932 3200 were
953 3164 990 3198 no
1011 3148 1104 3213 longer
1125 3146 1260 3214 required.

822 3231 884 3283 018.
902 3232 1007 3296 potuit,
1021 3231 1195 3297 impersonal.
